%YAML 1.1
%TAG !u! tag:unity3d.com,2011:
--- !u!1 &8532669557058570375
GameObject:
  m_ObjectHideFlags: 0
  m_CorrespondingSourceObject: {fileID: 0}
  m_PrefabInstance: {fileID: 0}
  m_PrefabAsset: {fileID: 0}
  serializedVersion: 6
  m_Component:
  - component: {fileID: 8532669557058570374}
  m_Layer: 0
  m_Name: Board
  m_TagString: Untagged
  m_Icon: {fileID: 0}
  m_NavMeshLayer: 0
  m_StaticEditorFlags: 0
  m_IsActive: 1
--- !u!4 &8532669557058570374
Transform:
  m_ObjectHideFlags: 0
  m_CorrespondingSourceObject: {fileID: 0}
  m_PrefabInstance: {fileID: 0}
  m_PrefabAsset: {fileID: 0}
  m_GameObject: {fileID: 8532669557058570375}
  m_LocalRotation: {x: 0, y: 0, z: 0, w: 1}
  m_LocalPosition: {x: -3.2125711, y: 3.8892784, z: 0.5}
  m_LocalScale: {x: 1, y: 1, z: 1}
  m_Children:
  - {fileID: 8764367869165933050}
  - {fileID: 8764367870162919363}
  - {fileID: 8764367869406384484}
  - {fileID: 8764367870251348828}
  - {fileID: 8764367869841544524}
  - {fileID: 8764367869475564363}
  - {fileID: 8764367869414679710}
  - {fileID: 8764367869930022875}
  m_Father: {fileID: 0}
  m_RootOrder: 0
  m_LocalEulerAnglesHint: {x: 0, y: 0, z: 0}
--- !u!1001 &8532669557208170237
PrefabInstance:
  m_ObjectHideFlags: 0
  serializedVersion: 2
  m_Modification:
    m_TransformParent: {fileID: 8532669557058570374}
    m_Modifications:
    - target: {fileID: 1138121962759204613, guid: 71d7ae56f52f96f4e87b7b82cc2e1e38, type: 3}
      propertyPath: m_Name
      value: SlotUnit
      objectReference: {fileID: 0}
    - target: {fileID: 1138121962759204615, guid: 71d7ae56f52f96f4e87b7b82cc2e1e38, type: 3}
      propertyPath: m_LocalPosition.x
      value: -2.5
      objectReference: {fileID: 0}
    - target: {fileID: 1138121962759204615, guid: 71d7ae56f52f96f4e87b7b82cc2e1e38, type: 3}
      propertyPath: m_LocalPosition.y
      value: -1.5
      objectReference: {fileID: 0}
    - target: {fileID: 1138121962759204615, guid: 71d7ae56f52f96f4e87b7b82cc2e1e38, type: 3}
      propertyPath: m_LocalPosition.z
      value: 0
      objectReference: {fileID: 0}
    - target: {fileID: 1138121962759204615, guid: 71d7ae56f52f96f4e87b7b82cc2e1e38, type: 3}
      propertyPath: m_LocalRotation.x
      value: 0
      objectReference: {fileID: 0}
    - target: {fileID: 1138121962759204615, guid: 71d7ae56f52f96f4e87b7b82cc2e1e38, type: 3}
      propertyPath: m_LocalRotation.y
      value: 0
      objectReference: {fileID: 0}
    - target: {fileID: 1138121962759204615, guid: 71d7ae56f52f96f4e87b7b82cc2e1e38, type: 3}
      propertyPath: m_LocalRotation.z
      value: 0
      objectReference: {fileID: 0}
    - target: {fileID: 1138121962759204615, guid: 71d7ae56f52f96f4e87b7b82cc2e1e38, type: 3}
      propertyPath: m_LocalRotation.w
      value: 1
      objectReference: {fileID: 0}
    - target: {fileID: 1138121962759204615, guid: 71d7ae56f52f96f4e87b7b82cc2e1e38, type: 3}
      propertyPath: m_RootOrder
      value: 0
      objectReference: {fileID: 0}
    - target: {fileID: 1138121962759204615, guid: 71d7ae56f52f96f4e87b7b82cc2e1e38, type: 3}
      propertyPath: m_LocalEulerAnglesHint.x
      value: 0
      objectReference: {fileID: 0}
    - target: {fileID: 1138121962759204615, guid: 71d7ae56f52f96f4e87b7b82cc2e1e38, type: 3}
      propertyPath: m_LocalEulerAnglesHint.y
      value: 0
      objectReference: {fileID: 0}
    - target: {fileID: 1138121962759204615, guid: 71d7ae56f52f96f4e87b7b82cc2e1e38, type: 3}
      propertyPath: m_LocalEulerAnglesHint.z
      value: 0
      objectReference: {fileID: 0}
    - target: {fileID: 1138121962759204615, guid: 71d7ae56f52f96f4e87b7b82cc2e1e38, type: 3}
      propertyPath: m_LocalScale.x
      value: 2
      objectReference: {fileID: 0}
    - target: {fileID: 1138121962759204615, guid: 71d7ae56f52f96f4e87b7b82cc2e1e38, type: 3}
      propertyPath: m_LocalScale.y
      value: 2
      objectReference: {fileID: 0}
    - target: {fileID: 1138121962759204615, guid: 71d7ae56f52f96f4e87b7b82cc2e1e38, type: 3}
      propertyPath: m_LocalScale.z
      value: 2
      objectReference: {fileID: 0}
    m_RemovedComponents: []
  m_SourcePrefab: {fileID: 100100000, guid: 71d7ae56f52f96f4e87b7b82cc2e1e38, type: 3}
--- !u!4 &8764367869165933050 stripped
Transform:
  m_CorrespondingSourceObject: {fileID: 1138121962759204615, guid: 71d7ae56f52f96f4e87b7b82cc2e1e38, type: 3}
  m_PrefabInstance: {fileID: 8532669557208170237}
  m_PrefabAsset: {fileID: 0}
--- !u!1001 &8532669557982333148
PrefabInstance:
  m_ObjectHideFlags: 0
  serializedVersion: 2
  m_Modification:
    m_TransformParent: {fileID: 8532669557058570374}
    m_Modifications:
    - target: {fileID: 1138121962759204613, guid: 71d7ae56f52f96f4e87b7b82cc2e1e38, type: 3}
      propertyPath: m_Name
      value: SlotUnit (7)
      objectReference: {fileID: 0}
    - target: {fileID: 1138121962759204615, guid: 71d7ae56f52f96f4e87b7b82cc2e1e38, type: 3}
      propertyPath: m_LocalPosition.x
      value: 8.5
      objectReference: {fileID: 0}
    - target: {fileID: 1138121962759204615, guid: 71d7ae56f52f96f4e87b7b82cc2e1e38, type: 3}
      propertyPath: m_LocalPosition.y
      value: -7
      objectReference: {fileID: 0}
    - target: {fileID: 1138121962759204615, guid: 71d7ae56f52f96f4e87b7b82cc2e1e38, type: 3}
      propertyPath: m_LocalPosition.z
      value: 0
      objectReference: {fileID: 0}
    - target: {fileID: 1138121962759204615, guid: 71d7ae56f52f96f4e87b7b82cc2e1e38, type: 3}
      propertyPath: m_LocalRotation.x
      value: 0
      objectReference: {fileID: 0}
    - target: {fileID: 1138121962759204615, guid: 71d7ae56f52f96f4e87b7b82cc2e1e38, type: 3}
      propertyPath: m_LocalRotation.y
      value: 0
      objectReference: {fileID: 0}
    - target: {fileID: 1138121962759204615, guid: 71d7ae56f52f96f4e87b7b82cc2e1e38, type: 3}
      propertyPath: m_LocalRotation.z
      value: 0
      objectReference: {fileID: 0}
    - target: {fileID: 1138121962759204615, guid: 71d7ae56f52f96f4e87b7b82cc2e1e38, type: 3}
      propertyPath: m_LocalRotation.w
      value: 1
      objectReference: {fileID: 0}
    - target: {fileID: 1138121962759204615, guid: 71d7ae56f52f96f4e87b7b82cc2e1e38, type: 3}
      propertyPath: m_RootOrder
      value: 7
      objectReference: {fileID: 0}
    - target: {fileID: 1138121962759204615, guid: 71d7ae56f52f96f4e87b7b82cc2e1e38, type: 3}
      propertyPath: m_LocalEulerAnglesHint.x
      value: 0
      objectReference: {fileID: 0}
    - target: {fileID: 1138121962759204615, guid: 71d7ae56f52f96f4e87b7b82cc2e1e38, type: 3}
      propertyPath: m_LocalEulerAnglesHint.y
      value: 0
      objectReference: {fileID: 0}
    - target: {fileID: 1138121962759204615, guid: 71d7ae56f52f96f4e87b7b82cc2e1e38, type: 3}
      propertyPath: m_LocalEulerAnglesHint.z
      value: 0
      objectReference: {fileID: 0}
    - target: {fileID: 1138121962759204615, guid: 71d7ae56f52f96f4e87b7b82cc2e1e38, type: 3}
      propertyPath: m_LocalScale.x
      value: 2
      objectReference: {fileID: 0}
    - target: {fileID: 1138121962759204615, guid: 71d7ae56f52f96f4e87b7b82cc2e1e38, type: 3}
      propertyPath: m_LocalScale.y
      value: 2
      objectReference: {fileID: 0}
    - target: {fileID: 1138121962759204615, guid: 71d7ae56f52f96f4e87b7b82cc2e1e38, type: 3}
      propertyPath: m_LocalScale.z
      value: 2
      objectReference: {fileID: 0}
    m_RemovedComponents: []
  m_SourcePrefab: {fileID: 100100000, guid: 71d7ae56f52f96f4e87b7b82cc2e1e38, type: 3}
--- !u!4 &8764367869930022875 stripped
Transform:
  m_CorrespondingSourceObject: {fileID: 1138121962759204615, guid: 71d7ae56f52f96f4e87b7b82cc2e1e38, type: 3}
  m_PrefabInstance: {fileID: 8532669557982333148}
  m_PrefabAsset: {fileID: 0}
--- !u!1001 &8532669558039605444
PrefabInstance:
  m_ObjectHideFlags: 0
  serializedVersion: 2
  m_Modification:
    m_TransformParent: {fileID: 8532669557058570374}
    m_Modifications:
    - target: {fileID: 1138121962759204613, guid: 71d7ae56f52f96f4e87b7b82cc2e1e38, type: 3}
      propertyPath: m_Name
      value: SlotUnit (1)
      objectReference: {fileID: 0}
    - target: {fileID: 1138121962759204615, guid: 71d7ae56f52f96f4e87b7b82cc2e1e38, type: 3}
      propertyPath: m_LocalPosition.x
      value: -2.5
      objectReference: {fileID: 0}
    - target: {fileID: 1138121962759204615, guid: 71d7ae56f52f96f4e87b7b82cc2e1e38, type: 3}
      propertyPath: m_LocalPosition.y
      value: -7
      objectReference: {fileID: 0}
    - target: {fileID: 1138121962759204615, guid: 71d7ae56f52f96f4e87b7b82cc2e1e38, type: 3}
      propertyPath: m_LocalPosition.z
      value: 0
      objectReference: {fileID: 0}
    - target: {fileID: 1138121962759204615, guid: 71d7ae56f52f96f4e87b7b82cc2e1e38, type: 3}
      propertyPath: m_LocalRotation.x
      value: 0
      objectReference: {fileID: 0}
    - target: {fileID: 1138121962759204615, guid: 71d7ae56f52f96f4e87b7b82cc2e1e38, type: 3}
      propertyPath: m_LocalRotation.y
      value: 0
      objectReference: {fileID: 0}
    - target: {fileID: 1138121962759204615, guid: 71d7ae56f52f96f4e87b7b82cc2e1e38, type: 3}
      propertyPath: m_LocalRotation.z
      value: 0
      objectReference: {fileID: 0}
    - target: {fileID: 1138121962759204615, guid: 71d7ae56f52f96f4e87b7b82cc2e1e38, type: 3}
      propertyPath: m_LocalRotation.w
      value: 1
      objectReference: {fileID: 0}
    - target: {fileID: 1138121962759204615, guid: 71d7ae56f52f96f4e87b7b82cc2e1e38, type: 3}
      propertyPath: m_RootOrder
      value: 1
      objectReference: {fileID: 0}
    - target: {fileID: 1138121962759204615, guid: 71d7ae56f52f96f4e87b7b82cc2e1e38, type: 3}
      propertyPath: m_LocalEulerAnglesHint.x
      value: 0
      objectReference: {fileID: 0}
    - target: {fileID: 1138121962759204615, guid: 71d7ae56f52f96f4e87b7b82cc2e1e38, type: 3}
      propertyPath: m_LocalEulerAnglesHint.y
      value: 0
      objectReference: {fileID: 0}
    - target: {fileID: 1138121962759204615, guid: 71d7ae56f52f96f4e87b7b82cc2e1e38, type: 3}
      propertyPath: m_LocalEulerAnglesHint.z
      value: 0
      objectReference: {fileID: 0}
    - target: {fileID: 1138121962759204615, guid: 71d7ae56f52f96f4e87b7b82cc2e1e38, type: 3}
      propertyPath: m_LocalScale.x
      value: 2
      objectReference: {fileID: 0}
    - target: {fileID: 1138121962759204615, guid: 71d7ae56f52f96f4e87b7b82cc2e1e38, type: 3}
      propertyPath: m_LocalScale.y
      value: 2
      objectReference: {fileID: 0}
    - target: {fileID: 1138121962759204615, guid: 71d7ae56f52f96f4e87b7b82cc2e1e38, type: 3}
      propertyPath: m_LocalScale.z
      value: 2
      objectReference: {fileID: 0}
    m_RemovedComponents: []
  m_SourcePrefab: {fileID: 100100000, guid: 71d7ae56f52f96f4e87b7b82cc2e1e38, type: 3}
--- !u!4 &8764367870162919363 stripped
Transform:
  m_CorrespondingSourceObject: {fileID: 1138121962759204615, guid: 71d7ae56f52f96f4e87b7b82cc2e1e38, type: 3}
  m_PrefabInstance: {fileID: 8532669558039605444}
  m_PrefabAsset: {fileID: 0}
--- !u!1001 &8532669558269975643
PrefabInstance:
  m_ObjectHideFlags: 0
  serializedVersion: 2
  m_Modification:
    m_TransformParent: {fileID: 8532669557058570374}
    m_Modifications:
    - target: {fileID: 1138121962759204613, guid: 71d7ae56f52f96f4e87b7b82cc2e1e38, type: 3}
      propertyPath: m_Name
      value: SlotUnit (3)
      objectReference: {fileID: 0}
    - target: {fileID: 1138121962759204615, guid: 71d7ae56f52f96f4e87b7b82cc2e1e38, type: 3}
      propertyPath: m_LocalPosition.x
      value: 3
      objectReference: {fileID: 0}
    - target: {fileID: 1138121962759204615, guid: 71d7ae56f52f96f4e87b7b82cc2e1e38, type: 3}
      propertyPath: m_LocalPosition.y
      value: -1.5
      objectReference: {fileID: 0}
    - target: {fileID: 1138121962759204615, guid: 71d7ae56f52f96f4e87b7b82cc2e1e38, type: 3}
      propertyPath: m_LocalPosition.z
      value: 0
      objectReference: {fileID: 0}
    - target: {fileID: 1138121962759204615, guid: 71d7ae56f52f96f4e87b7b82cc2e1e38, type: 3}
      propertyPath: m_LocalRotation.x
      value: 0
      objectReference: {fileID: 0}
    - target: {fileID: 1138121962759204615, guid: 71d7ae56f52f96f4e87b7b82cc2e1e38, type: 3}
      propertyPath: m_LocalRotation.y
      value: 0
      objectReference: {fileID: 0}
    - target: {fileID: 1138121962759204615, guid: 71d7ae56f52f96f4e87b7b82cc2e1e38, type: 3}
      propertyPath: m_LocalRotation.z
      value: 0
      objectReference: {fileID: 0}
    - target: {fileID: 1138121962759204615, guid: 71d7ae56f52f96f4e87b7b82cc2e1e38, type: 3}
      propertyPath: m_LocalRotation.w
      value: 1
      objectReference: {fileID: 0}
    - target: {fileID: 1138121962759204615, guid: 71d7ae56f52f96f4e87b7b82cc2e1e38, type: 3}
      propertyPath: m_RootOrder
      value: 3
      objectReference: {fileID: 0}
    - target: {fileID: 1138121962759204615, guid: 71d7ae56f52f96f4e87b7b82cc2e1e38, type: 3}
      propertyPath: m_LocalEulerAnglesHint.x
      value: 0
      objectReference: {fileID: 0}
    - target: {fileID: 1138121962759204615, guid: 71d7ae56f52f96f4e87b7b82cc2e1e38, type: 3}
      propertyPath: m_LocalEulerAnglesHint.y
      value: 0
      objectReference: {fileID: 0}
    - target: {fileID: 1138121962759204615, guid: 71d7ae56f52f96f4e87b7b82cc2e1e38, type: 3}
      propertyPath: m_LocalEulerAnglesHint.z
      value: 0
      objectReference: {fileID: 0}
    - target: {fileID: 1138121962759204615, guid: 71d7ae56f52f96f4e87b7b82cc2e1e38, type: 3}
      propertyPath: m_LocalScale.x
      value: 2
      objectReference: {fileID: 0}
    - target: {fileID: 1138121962759204615, guid: 71d7ae56f52f96f4e87b7b82cc2e1e38, type: 3}
      propertyPath: m_LocalScale.y
      value: 2
      objectReference: {fileID: 0}
    - target: {fileID: 1138121962759204615, guid: 71d7ae56f52f96f4e87b7b82cc2e1e38, type: 3}
      propertyPath: m_LocalScale.z
      value: 2
      objectReference: {fileID: 0}
    m_RemovedComponents: []
  m_SourcePrefab: {fileID: 100100000, guid: 71d7ae56f52f96f4e87b7b82cc2e1e38, type: 3}
--- !u!4 &8764367870251348828 stripped
Transform:
  m_CorrespondingSourceObject: {fileID: 1138121962759204615, guid: 71d7ae56f52f96f4e87b7b82cc2e1e38, type: 3}
  m_PrefabInstance: {fileID: 8532669558269975643}
  m_PrefabAsset: {fileID: 0}
--- !u!1001 &8532669558457435212
PrefabInstance:
  m_ObjectHideFlags: 0
  serializedVersion: 2
  m_Modification:
    m_TransformParent: {fileID: 8532669557058570374}
    m_Modifications:
    - target: {fileID: 1138121962759204613, guid: 71d7ae56f52f96f4e87b7b82cc2e1e38, type: 3}
      propertyPath: m_Name
      value: SlotUnit (5)
      objectReference: {fileID: 0}
    - target: {fileID: 1138121962759204615, guid: 71d7ae56f52f96f4e87b7b82cc2e1e38, type: 3}
      propertyPath: m_LocalPosition.x
      value: 5.75
      objectReference: {fileID: 0}
    - target: {fileID: 1138121962759204615, guid: 71d7ae56f52f96f4e87b7b82cc2e1e38, type: 3}
      propertyPath: m_LocalPosition.y
      value: -4.25
      objectReference: {fileID: 0}
    - target: {fileID: 1138121962759204615, guid: 71d7ae56f52f96f4e87b7b82cc2e1e38, type: 3}
      propertyPath: m_LocalPosition.z
      value: 0
      objectReference: {fileID: 0}
    - target: {fileID: 1138121962759204615, guid: 71d7ae56f52f96f4e87b7b82cc2e1e38, type: 3}
      propertyPath: m_LocalRotation.x
      value: 0
      objectReference: {fileID: 0}
    - target: {fileID: 1138121962759204615, guid: 71d7ae56f52f96f4e87b7b82cc2e1e38, type: 3}
      propertyPath: m_LocalRotation.y
      value: 0
      objectReference: {fileID: 0}
    - target: {fileID: 1138121962759204615, guid: 71d7ae56f52f96f4e87b7b82cc2e1e38, type: 3}
      propertyPath: m_LocalRotation.z
      value: 0
      objectReference: {fileID: 0}
    - target: {fileID: 1138121962759204615, guid: 71d7ae56f52f96f4e87b7b82cc2e1e38, type: 3}
      propertyPath: m_LocalRotation.w
      value: 1
      objectReference: {fileID: 0}
    - target: {fileID: 1138121962759204615, guid: 71d7ae56f52f96f4e87b7b82cc2e1e38, type: 3}
      propertyPath: m_RootOrder
      value: 5
      objectReference: {fileID: 0}
    - target: {fileID: 1138121962759204615, guid: 71d7ae56f52f96f4e87b7b82cc2e1e38, type: 3}
      propertyPath: m_LocalEulerAnglesHint.x
      value: 0
      objectReference: {fileID: 0}
    - target: {fileID: 1138121962759204615, guid: 71d7ae56f52f96f4e87b7b82cc2e1e38, type: 3}
      propertyPath: m_LocalEulerAnglesHint.y
      value: 0
      objectReference: {fileID: 0}
    - target: {fileID: 1138121962759204615, guid: 71d7ae56f52f96f4e87b7b82cc2e1e38, type: 3}
      propertyPath: m_LocalEulerAnglesHint.z
      value: 0
      objectReference: {fileID: 0}
    - target: {fileID: 1138121962759204615, guid: 71d7ae56f52f96f4e87b7b82cc2e1e38, type: 3}
      propertyPath: m_LocalScale.x
      value: 2
      objectReference: {fileID: 0}
    - target: {fileID: 1138121962759204615, guid: 71d7ae56f52f96f4e87b7b82cc2e1e38, type: 3}
      propertyPath: m_LocalScale.y
      value: 2
      objectReference: {fileID: 0}
    - target: {fileID: 1138121962759204615, guid: 71d7ae56f52f96f4e87b7b82cc2e1e38, type: 3}
      propertyPath: m_LocalScale.z
      value: 2
      objectReference: {fileID: 0}
    m_RemovedComponents: []
  m_SourcePrefab: {fileID: 100100000, guid: 71d7ae56f52f96f4e87b7b82cc2e1e38, type: 3}
--- !u!4 &8764367869475564363 stripped
Transform:
  m_CorrespondingSourceObject: {fileID: 1138121962759204615, guid: 71d7ae56f52f96f4e87b7b82cc2e1e38, type: 3}
  m_PrefabInstance: {fileID: 8532669558457435212}
  m_PrefabAsset: {fileID: 0}
--- !u!1001 &8532669558498659225
PrefabInstance:
  m_ObjectHideFlags: 0
  serializedVersion: 2
  m_Modification:
    m_TransformParent: {fileID: 8532669557058570374}
    m_Modifications:
    - target: {fileID: 1138121962759204613, guid: 71d7ae56f52f96f4e87b7b82cc2e1e38, type: 3}
      propertyPath: m_Name
      value: SlotUnit (6)
      objectReference: {fileID: 0}
    - target: {fileID: 1138121962759204615, guid: 71d7ae56f52f96f4e87b7b82cc2e1e38, type: 3}
      propertyPath: m_LocalPosition.x
      value: 8.5
      objectReference: {fileID: 0}
    - target: {fileID: 1138121962759204615, guid: 71d7ae56f52f96f4e87b7b82cc2e1e38, type: 3}
      propertyPath: m_LocalPosition.y
      value: -1.5
      objectReference: {fileID: 0}
    - target: {fileID: 1138121962759204615, guid: 71d7ae56f52f96f4e87b7b82cc2e1e38, type: 3}
      propertyPath: m_LocalPosition.z
      value: 0
      objectReference: {fileID: 0}
    - target: {fileID: 1138121962759204615, guid: 71d7ae56f52f96f4e87b7b82cc2e1e38, type: 3}
      propertyPath: m_LocalRotation.x
      value: 0
      objectReference: {fileID: 0}
    - target: {fileID: 1138121962759204615, guid: 71d7ae56f52f96f4e87b7b82cc2e1e38, type: 3}
      propertyPath: m_LocalRotation.y
      value: 0
      objectReference: {fileID: 0}
    - target: {fileID: 1138121962759204615, guid: 71d7ae56f52f96f4e87b7b82cc2e1e38, type: 3}
      propertyPath: m_LocalRotation.z
      value: 0
      objectReference: {fileID: 0}
    - target: {fileID: 1138121962759204615, guid: 71d7ae56f52f96f4e87b7b82cc2e1e38, type: 3}
      propertyPath: m_LocalRotation.w
      value: 1
      objectReference: {fileID: 0}
    - target: {fileID: 1138121962759204615, guid: 71d7ae56f52f96f4e87b7b82cc2e1e38, type: 3}
      propertyPath: m_RootOrder
      value: 6
      objectReference: {fileID: 0}
    - target: {fileID: 1138121962759204615, guid: 71d7ae56f52f96f4e87b7b82cc2e1e38, type: 3}
      propertyPath: m_LocalEulerAnglesHint.x
      value: 0
      objectReference: {fileID: 0}
    - target: {fileID: 1138121962759204615, guid: 71d7ae56f52f96f4e87b7b82cc2e1e38, type: 3}
      propertyPath: m_LocalEulerAnglesHint.y
      value: 0
      objectReference: {fileID: 0}
    - target: {fileID: 1138121962759204615, guid: 71d7ae56f52f96f4e87b7b82cc2e1e38, type: 3}
      propertyPath: m_LocalEulerAnglesHint.z
      value: 0
      objectReference: {fileID: 0}
    - target: {fileID: 1138121962759204615, guid: 71d7ae56f52f96f4e87b7b82cc2e1e38, type: 3}
      propertyPath: m_LocalScale.x
      value: 2
      objectReference: {fileID: 0}
    - target: {fileID: 1138121962759204615, guid: 71d7ae56f52f96f4e87b7b82cc2e1e38, type: 3}
      propertyPath: m_LocalScale.y
      value: 2
      objectReference: {fileID: 0}
    - target: {fileID: 1138121962759204615, guid: 71d7ae56f52f96f4e87b7b82cc2e1e38, type: 3}
      propertyPath: m_LocalScale.z
      value: 2
      objectReference: {fileID: 0}
    m_RemovedComponents: []
  m_SourcePrefab: {fileID: 100100000, guid: 71d7ae56f52f96f4e87b7b82cc2e1e38, type: 3}
--- !u!4 &8764367869414679710 stripped
Transform:
  m_CorrespondingSourceObject: {fileID: 1138121962759204615, guid: 71d7ae56f52f96f4e87b7b82cc2e1e38, type: 3}
  m_PrefabInstance: {fileID: 8532669558498659225}
  m_PrefabAsset: {fileID: 0}
--- !u!1001 &8532669558522494563
PrefabInstance:
  m_ObjectHideFlags: 0
  serializedVersion: 2
  m_Modification:
    m_TransformParent: {fileID: 8532669557058570374}
    m_Modifications:
    - target: {fileID: 1138121962759204613, guid: 71d7ae56f52f96f4e87b7b82cc2e1e38, type: 3}
      propertyPath: m_Name
      value: SlotUnit (2)
      objectReference: {fileID: 0}
    - target: {fileID: 1138121962759204615, guid: 71d7ae56f52f96f4e87b7b82cc2e1e38, type: 3}
      propertyPath: m_LocalPosition.x
      value: 0.25
      objectReference: {fileID: 0}
    - target: {fileID: 1138121962759204615, guid: 71d7ae56f52f96f4e87b7b82cc2e1e38, type: 3}
      propertyPath: m_LocalPosition.y
      value: -4.25
      objectReference: {fileID: 0}
    - target: {fileID: 1138121962759204615, guid: 71d7ae56f52f96f4e87b7b82cc2e1e38, type: 3}
      propertyPath: m_LocalPosition.z
      value: 0
      objectReference: {fileID: 0}
    - target: {fileID: 1138121962759204615, guid: 71d7ae56f52f96f4e87b7b82cc2e1e38, type: 3}
      propertyPath: m_LocalRotation.x
      value: 0
      objectReference: {fileID: 0}
    - target: {fileID: 1138121962759204615, guid: 71d7ae56f52f96f4e87b7b82cc2e1e38, type: 3}
      propertyPath: m_LocalRotation.y
      value: 0
      objectReference: {fileID: 0}
    - target: {fileID: 1138121962759204615, guid: 71d7ae56f52f96f4e87b7b82cc2e1e38, type: 3}
      propertyPath: m_LocalRotation.z
      value: 0
      objectReference: {fileID: 0}
    - target: {fileID: 1138121962759204615, guid: 71d7ae56f52f96f4e87b7b82cc2e1e38, type: 3}
      propertyPath: m_LocalRotation.w
      value: 1
      objectReference: {fileID: 0}
    - target: {fileID: 1138121962759204615, guid: 71d7ae56f52f96f4e87b7b82cc2e1e38, type: 3}
      propertyPath: m_RootOrder
      value: 2
      objectReference: {fileID: 0}
    - target: {fileID: 1138121962759204615, guid: 71d7ae56f52f96f4e87b7b82cc2e1e38, type: 3}
      propertyPath: m_LocalEulerAnglesHint.x
      value: 0
      objectReference: {fileID: 0}
    - target: {fileID: 1138121962759204615, guid: 71d7ae56f52f96f4e87b7b82cc2e1e38, type: 3}
      propertyPath: m_LocalEulerAnglesHint.y
      value: 0
      objectReference: {fileID: 0}
    - target: {fileID: 1138121962759204615, guid: 71d7ae56f52f96f4e87b7b82cc2e1e38, type: 3}
      propertyPath: m_LocalEulerAnglesHint.z
      value: 0
      objectReference: {fileID: 0}
    - target: {fileID: 1138121962759204615, guid: 71d7ae56f52f96f4e87b7b82cc2e1e38, type: 3}
      propertyPath: m_LocalScale.x
      value: 2
      objectReference: {fileID: 0}
    - target: {fileID: 1138121962759204615, guid: 71d7ae56f52f96f4e87b7b82cc2e1e38, type: 3}
      propertyPath: m_LocalScale.y
      value: 2
      objectReference: {fileID: 0}
    - target: {fileID: 1138121962759204615, guid: 71d7ae56f52f96f4e87b7b82cc2e1e38, type: 3}
      propertyPath: m_LocalScale.z
      value: 2
      objectReference: {fileID: 0}
    m_RemovedComponents: []
  m_SourcePrefab: {fileID: 100100000, guid: 71d7ae56f52f96f4e87b7b82cc2e1e38, type: 3}
--- !u!4 &8764367869406384484 stripped
Transform:
  m_CorrespondingSourceObject: {fileID: 1138121962759204615, guid: 71d7ae56f52f96f4e87b7b82cc2e1e38, type: 3}
  m_PrefabInstance: {fileID: 8532669558522494563}
  m_PrefabAsset: {fileID: 0}
--- !u!1001 &8532669558959749707
PrefabInstance:
  m_ObjectHideFlags: 0
  serializedVersion: 2
  m_Modification:
    m_TransformParent: {fileID: 8532669557058570374}
    m_Modifications:
    - target: {fileID: 1138121962759204613, guid: 71d7ae56f52f96f4e87b7b82cc2e1e38, type: 3}
      propertyPath: m_Name
      value: SlotUnit (4)
      objectReference: {fileID: 0}
    - target: {fileID: 1138121962759204615, guid: 71d7ae56f52f96f4e87b7b82cc2e1e38, type: 3}
      propertyPath: m_LocalPosition.x
      value: 3
      objectReference: {fileID: 0}
    - target: {fileID: 1138121962759204615, guid: 71d7ae56f52f96f4e87b7b82cc2e1e38, type: 3}
      propertyPath: m_LocalPosition.y
      value: -7
      objectReference: {fileID: 0}
    - target: {fileID: 1138121962759204615, guid: 71d7ae56f52f96f4e87b7b82cc2e1e38, type: 3}
      propertyPath: m_LocalPosition.z
      value: 0
      objectReference: {fileID: 0}
    - target: {fileID: 1138121962759204615, guid: 71d7ae56f52f96f4e87b7b82cc2e1e38, type: 3}
      propertyPath: m_LocalRotation.x
      value: 0
      objectReference: {fileID: 0}
    - target: {fileID: 1138121962759204615, guid: 71d7ae56f52f96f4e87b7b82cc2e1e38, type: 3}
      propertyPath: m_LocalRotation.y
      value: 0
      objectReference: {fileID: 0}
    - target: {fileID: 1138121962759204615, guid: 71d7ae56f52f96f4e87b7b82cc2e1e38, type: 3}
      propertyPath: m_LocalRotation.z
      value: 0
      objectReference: {fileID: 0}
    - target: {fileID: 1138121962759204615, guid: 71d7ae56f52f96f4e87b7b82cc2e1e38, type: 3}
      propertyPath: m_LocalRotation.w
      value: 1
      objectReference: {fileID: 0}
    - target: {fileID: 1138121962759204615, guid: 71d7ae56f52f96f4e87b7b82cc2e1e38, type: 3}
      propertyPath: m_RootOrder
      value: 4
      objectReference: {fileID: 0}
    - target: {fileID: 1138121962759204615, guid: 71d7ae56f52f96f4e87b7b82cc2e1e38, type: 3}
      propertyPath: m_LocalEulerAnglesHint.x
      value: 0
      objectReference: {fileID: 0}
    - target: {fileID: 1138121962759204615, guid: 71d7ae56f52f96f4e87b7b82cc2e1e38, type: 3}
      propertyPath: m_LocalEulerAnglesHint.y
      value: 0
      objectReference: {fileID: 0}
    - target: {fileID: 1138121962759204615, guid: 71d7ae56f52f96f4e87b7b82cc2e1e38, type: 3}
      propertyPath: m_LocalEulerAnglesHint.z
      value: 0
      objectReference: {fileID: 0}
    - target: {fileID: 1138121962759204615, guid: 71d7ae56f52f96f4e87b7b82cc2e1e38, type: 3}
      propertyPath: m_LocalScale.x
      value: 2
      objectReference: {fileID: 0}
    - target: {fileID: 1138121962759204615, guid: 71d7ae56f52f96f4e87b7b82cc2e1e38, type: 3}
      propertyPath: m_LocalScale.y
      value: 2
      objectReference: {fileID: 0}
    - target: {fileID: 1138121962759204615, guid: 71d7ae56f52f96f4e87b7b82cc2e1e38, type: 3}
      propertyPath: m_LocalScale.z
      value: 2
      objectReference: {fileID: 0}
    m_RemovedComponents: []
  m_SourcePrefab: {fileID: 100100000, guid: 71d7ae56f52f96f4e87b7b82cc2e1e38, type: 3}
--- !u!4 &8764367869841544524 stripped
Transform:
  m_CorrespondingSourceObject: {fileID: 1138121962759204615, guid: 71d7ae56f52f96f4e87b7b82cc2e1e38, type: 3}
  m_PrefabInstance: {fileID: 8532669558959749707}
  m_PrefabAsset: {fileID: 0}
