%YAML 1.1
%TAG !u! tag:unity3d.com,2011:
--- !u!244 &-7971920524590491299
AudioMixerEffectController:
  m_ObjectHideFlags: 3
  m_CorrespondingSourceObject: {fileID: 0}
  m_PrefabInstance: {fileID: 0}
  m_PrefabAsset: {fileID: 0}
  m_Name: 
  m_EffectID: 49822b10c2c1e554babebdb42ef9a424
  m_EffectName: Attenuation
  m_MixLevel: a96b3e66d1251f745af9f64cc1057310
  m_Parameters: []
  m_SendTarget: {fileID: 0}
  m_EnableWetMix: 0
  m_Bypass: 0
--- !u!243 &-5688710621961415603
AudioMixerGroupController:
  m_ObjectHideFlags: 0
  m_CorrespondingSourceObject: {fileID: 0}
  m_PrefabInstance: {fileID: 0}
  m_PrefabAsset: {fileID: 0}
  m_Name: SFX
  m_AudioMixer: {fileID: 24100000}
  m_GroupID: 1fea6313da2987641ac275934092343a
  m_Children: []
  m_Volume: cba30cbf59d7ee5458a91e9b046d672e
  m_Pitch: 015d4e163976b0844909f5b74f7bf227
  m_Send: 00000000000000000000000000000000
  m_Effects:
  - {fileID: -7971920524590491299}
  m_UserColorIndex: 0
  m_Mute: 0
  m_Solo: 0
  m_BypassEffects: 0
--- !u!243 &-3854974588635054326
AudioMixerGroupController:
  m_ObjectHideFlags: 0
  m_CorrespondingSourceObject: {fileID: 0}
  m_PrefabInstance: {fileID: 0}
  m_PrefabAsset: {fileID: 0}
  m_Name: Soundtrack
  m_AudioMixer: {fileID: 24100000}
  m_GroupID: d5354044c1e6cf745b37ad77d519ba36
  m_Children: []
  m_Volume: f57e88a5a73e4c24ca58af2a9b19d594
  m_Pitch: d796c16032199e34a9060bba38a55b2c
  m_Send: 00000000000000000000000000000000
  m_Effects:
  - {fileID: 4119879116723733451}
  m_UserColorIndex: 0
  m_Mute: 0
  m_Solo: 0
  m_BypassEffects: 0
--- !u!241 &24100000
AudioMixerController:
  m_ObjectHideFlags: 0
  m_CorrespondingSourceObject: {fileID: 0}
  m_PrefabInstance: {fileID: 0}
  m_PrefabAsset: {fileID: 0}
  m_Name: Mixer
  m_OutputGroup: {fileID: 0}
  m_MasterGroup: {fileID: 24300002}
  m_Snapshots:
  - {fileID: 24500006}
  m_StartSnapshot: {fileID: 24500006}
  m_SuspendThreshold: -80
  m_EnableSuspend: 1
  m_UpdateMode: 0
  m_ExposedParameters: []
  m_AudioMixerGroupViews:
  - guids:
    - cc3eb54324894de4e931419b03261c17
    - 1fea6313da2987641ac275934092343a
    - d5354044c1e6cf745b37ad77d519ba36
    name: View
  m_CurrentViewIndex: 0
  m_TargetSnapshot: {fileID: 24500006}
--- !u!243 &24300002
AudioMixerGroupController:
  m_ObjectHideFlags: 0
  m_CorrespondingSourceObject: {fileID: 0}
  m_PrefabInstance: {fileID: 0}
  m_PrefabAsset: {fileID: 0}
  m_Name: Master
  m_AudioMixer: {fileID: 24100000}
  m_GroupID: cc3eb54324894de4e931419b03261c17
  m_Children:
  - {fileID: -5688710621961415603}
  - {fileID: -3854974588635054326}
  m_Volume: a3566e09d5339c04886188b73206354e
  m_Pitch: 4fbc6bee67bdeb84d82cef0d6efdca9f
  m_Send: 00000000000000000000000000000000
  m_Effects:
  - {fileID: 24400004}
  m_UserColorIndex: 0
  m_Mute: 0
  m_Solo: 0
  m_BypassEffects: 0
--- !u!244 &24400004
AudioMixerEffectController:
  m_ObjectHideFlags: 3
  m_CorrespondingSourceObject: {fileID: 0}
  m_PrefabInstance: {fileID: 0}
  m_PrefabAsset: {fileID: 0}
  m_Name: 
  m_EffectID: e2b8ebab6bc5faf4cadf0865501d4e6b
  m_EffectName: Attenuation
  m_MixLevel: 8ef837c7f20732d4e848d0a3ba7926a7
  m_Parameters: []
  m_SendTarget: {fileID: 0}
  m_EnableWetMix: 0
  m_Bypass: 0
--- !u!245 &24500006
AudioMixerSnapshotController:
  m_ObjectHideFlags: 0
  m_CorrespondingSourceObject: {fileID: 0}
  m_PrefabInstance: {fileID: 0}
  m_PrefabAsset: {fileID: 0}
  m_Name: Snapshot
  m_AudioMixer: {fileID: 24100000}
  m_SnapshotID: e5c6d5d43c1f52c4399ac72ff620c341
  m_FloatValues:
    f57e88a5a73e4c24ca58af2a9b19d594: -10.867776
    cba30cbf59d7ee5458a91e9b046d672e: -0.0024418721
  m_TransitionOverrides: {}
--- !u!244 &4119879116723733451
AudioMixerEffectController:
  m_ObjectHideFlags: 3
  m_CorrespondingSourceObject: {fileID: 0}
  m_PrefabInstance: {fileID: 0}
  m_PrefabAsset: {fileID: 0}
  m_Name: 
  m_EffectID: db59ae090848c084e96cc9cac51548e5
  m_EffectName: Attenuation
  m_MixLevel: 4b7b4997bed2d7947a1581672ed25044
  m_Parameters: []
  m_SendTarget: {fileID: 0}
  m_EnableWetMix: 0
  m_Bypass: 0
