%YAML 1.1
%TAG !u! tag:unity3d.com,2011:
--- !u!1 &7779662899753877759
GameObject:
  m_ObjectHideFlags: 0
  m_CorrespondingSourceObject: {fileID: 0}
  m_PrefabInstance: {fileID: 0}
  m_PrefabAsset: {fileID: 0}
  serializedVersion: 6
  m_Component:
  - component: {fileID: 8031852193683080515}
  - component: {fileID: 2348582695052620049}
  - component: {fileID: 5326327698420672689}
  m_Layer: 0
  m_Name: Skill_main
  m_TagString: Untagged
  m_Icon: {fileID: 0}
  m_NavMeshLayer: 0
  m_StaticEditorFlags: 0
  m_IsActive: 1
--- !u!4 &8031852193683080515
Transform:
  m_ObjectHideFlags: 0
  m_CorrespondingSourceObject: {fileID: 0}
  m_PrefabInstance: {fileID: 0}
  m_PrefabAsset: {fileID: 0}
  m_GameObject: {fileID: 7779662899753877759}
  m_LocalRotation: {x: -0, y: -0, z: -0.38268343, w: 0.92387956}
  m_LocalPosition: {x: 0.06, y: 0.231, z: -0.11}
  m_LocalScale: {x: 0.8333333, y: 0.8333333, z: 1.0057065}
  m_Children:
  - {fileID: 7861731086899499167}
  m_Father: {fileID: 7861731087393324006}
  m_RootOrder: 1
  m_LocalEulerAnglesHint: {x: 0, y: 0, z: 0}
--- !u!23 &2348582695052620049
MeshRenderer:
  m_ObjectHideFlags: 0
  m_CorrespondingSourceObject: {fileID: 0}
  m_PrefabInstance: {fileID: 0}
  m_PrefabAsset: {fileID: 0}
  m_GameObject: {fileID: 7779662899753877759}
  m_Enabled: 1
  m_CastShadows: 1
  m_ReceiveShadows: 1
  m_DynamicOccludee: 1
  m_MotionVectors: 1
  m_LightProbeUsage: 1
  m_ReflectionProbeUsage: 1
  m_RayTracingMode: 2
  m_RayTraceProcedural: 0
  m_RenderingLayerMask: 1
  m_RendererPriority: 20
  m_Materials:
  - {fileID: 10100, guid: 0000000000000000e000000000000000, type: 0}
  m_StaticBatchInfo:
    firstSubMesh: 0
    subMeshCount: 0
  m_StaticBatchRoot: {fileID: 0}
  m_ProbeAnchor: {fileID: 0}
  m_LightProbeVolumeOverride: {fileID: 0}
  m_ScaleInLightmap: 1
  m_ReceiveGI: 1
  m_PreserveUVs: 0
  m_IgnoreNormalsForChartDetection: 0
  m_ImportantGI: 0
  m_StitchLightmapSeams: 1
  m_SelectedEditorRenderState: 3
  m_MinimumChartSize: 4
  m_AutoUVMaxDistance: 0.5
  m_AutoUVMaxAngle: 89
  m_LightmapParameters: {fileID: 0}
  m_SortingLayerID: 0
  m_SortingLayer: 0
  m_SortingOrder: 0
  m_AdditionalVertexStreams: {fileID: 0}
--- !u!102 &5326327698420672689
TextMesh:
  serializedVersion: 3
  m_ObjectHideFlags: 0
  m_CorrespondingSourceObject: {fileID: 0}
  m_PrefabInstance: {fileID: 0}
  m_PrefabAsset: {fileID: 0}
  m_GameObject: {fileID: 7779662899753877759}
  m_Text: 2
  m_OffsetZ: 0
  m_CharacterSize: 0.05
  m_LineSpacing: 1
  m_Anchor: 0
  m_Alignment: 0
  m_TabSize: 4
  m_FontSize: 100
  m_FontStyle: 0
  m_RichText: 1
  m_Font: {fileID: 10102, guid: 0000000000000000e000000000000000, type: 0}
  m_Color:
    serializedVersion: 2
    rgba: 4278190080
--- !u!1 &7861731086339574056
GameObject:
  m_ObjectHideFlags: 0
  m_CorrespondingSourceObject: {fileID: 0}
  m_PrefabInstance: {fileID: 0}
  m_PrefabAsset: {fileID: 0}
  serializedVersion: 6
  m_Component:
  - component: {fileID: 7861731086339574057}
  - component: {fileID: 7861731086339574052}
  - component: {fileID: 7861731086339574059}
  - component: {fileID: 7861731086339574058}
  m_Layer: 10
  m_Name: Symbol_1
  m_TagString: Symbol
  m_Icon: {fileID: 0}
  m_NavMeshLayer: 0
  m_StaticEditorFlags: 0
  m_IsActive: 1
--- !u!4 &7861731086339574057
Transform:
  m_ObjectHideFlags: 0
  m_CorrespondingSourceObject: {fileID: 0}
  m_PrefabInstance: {fileID: 0}
  m_PrefabAsset: {fileID: 0}
  m_GameObject: {fileID: 7861731086339574056}
  m_LocalRotation: {x: 0, y: 0, z: 0.9396927, w: 0.34202018}
  m_LocalPosition: {x: 0.313, y: 0.362, z: -0.047}
  m_LocalScale: {x: 0.17230669, y: 0.11688597, z: 0.17230666}
  m_Children: []
  m_Father: {fileID: 7861731087089357845}
  m_RootOrder: 0
  m_LocalEulerAnglesHint: {x: 0, y: 0, z: 140}
--- !u!212 &7861731086339574052
SpriteRenderer:
  m_ObjectHideFlags: 0
  m_CorrespondingSourceObject: {fileID: 0}
  m_PrefabInstance: {fileID: 0}
  m_PrefabAsset: {fileID: 0}
  m_GameObject: {fileID: 7861731086339574056}
  m_Enabled: 1
  m_CastShadows: 0
  m_ReceiveShadows: 0
  m_DynamicOccludee: 1
  m_MotionVectors: 1
  m_LightProbeUsage: 1
  m_ReflectionProbeUsage: 1
  m_RayTracingMode: 0
  m_RayTraceProcedural: 0
  m_RenderingLayerMask: 1
  m_RendererPriority: 0
  m_Materials:
  - {fileID: 10754, guid: 0000000000000000f000000000000000, type: 0}
  m_StaticBatchInfo:
    firstSubMesh: 0
    subMeshCount: 0
  m_StaticBatchRoot: {fileID: 0}
  m_ProbeAnchor: {fileID: 0}
  m_LightProbeVolumeOverride: {fileID: 0}
  m_ScaleInLightmap: 1
  m_ReceiveGI: 1
  m_PreserveUVs: 0
  m_IgnoreNormalsForChartDetection: 0
  m_ImportantGI: 0
  m_StitchLightmapSeams: 1
  m_SelectedEditorRenderState: 0
  m_MinimumChartSize: 4
  m_AutoUVMaxDistance: 0.5
  m_AutoUVMaxAngle: 89
  m_LightmapParameters: {fileID: 0}
  m_SortingLayerID: 0
  m_SortingLayer: 0
  m_SortingOrder: 3
  m_Sprite: {fileID: 21300000, guid: de1d24ba5e1ccf44895ccd3698ead796, type: 3}
  m_Color: {r: 1, g: 1, b: 1, a: 1}
  m_FlipX: 0
  m_FlipY: 0
  m_DrawMode: 0
  m_Size: {x: 1.57, y: 1.75}
  m_AdaptiveModeThreshold: 0.5
  m_SpriteTileMode: 0
  m_WasSpriteAssigned: 1
  m_MaskInteraction: 0
  m_SpriteSortPoint: 0
--- !u!65 &7861731086339574059
BoxCollider:
  m_ObjectHideFlags: 0
  m_CorrespondingSourceObject: {fileID: 0}
  m_PrefabInstance: {fileID: 0}
  m_PrefabAsset: {fileID: 0}
  m_GameObject: {fileID: 7861731086339574056}
  m_Material: {fileID: 0}
  m_IsTrigger: 1
  m_Enabled: 1
  serializedVersion: 2
  m_Size: {x: 3.2000008, y: 9, z: 0.7}
  m_Center: {x: 0.0000009536743, y: -2.29, z: 0}
--- !u!114 &7861731086339574058
MonoBehaviour:
  m_ObjectHideFlags: 0
  m_CorrespondingSourceObject: {fileID: 0}
  m_PrefabInstance: {fileID: 0}
  m_PrefabAsset: {fileID: 0}
  m_GameObject: {fileID: 7861731086339574056}
  m_Enabled: 1
  m_EditorHideFlags: 0
  m_Script: {fileID: 11500000, guid: 724bdae00e564ca40b011d4117d95182, type: 3}
  m_Name: 
  m_EditorClassIdentifier: 
--- !u!1 &7861731086384359725
GameObject:
  m_ObjectHideFlags: 0
  m_CorrespondingSourceObject: {fileID: 0}
  m_PrefabInstance: {fileID: 0}
  m_PrefabAsset: {fileID: 0}
  serializedVersion: 6
  m_Component:
  - component: {fileID: 7861731086384359726}
  - component: {fileID: 7861731086384359720}
  - component: {fileID: 7861731086384359727}
  - component: {fileID: 7861731086384359721}
  m_Layer: 10
  m_Name: Symbol_2
  m_TagString: Symbol
  m_Icon: {fileID: 0}
  m_NavMeshLayer: 0
  m_StaticEditorFlags: 0
  m_IsActive: 1
--- !u!4 &7861731086384359726
Transform:
  m_ObjectHideFlags: 0
  m_CorrespondingSourceObject: {fileID: 0}
  m_PrefabInstance: {fileID: 0}
  m_PrefabAsset: {fileID: 0}
  m_GameObject: {fileID: 7861731086384359725}
  m_LocalRotation: {x: 0, y: 0, z: -0.92387956, w: 0.38268343}
  m_LocalPosition: {x: -0.368, y: 0.326, z: -0.059}
  m_LocalScale: {x: 0.17230669, y: 0.11688597, z: 0.17230666}
  m_Children: []
  m_Father: {fileID: 7861731087089357845}
  m_RootOrder: 1
  m_LocalEulerAnglesHint: {x: 0, y: 0, z: -135}
--- !u!212 &7861731086384359720
SpriteRenderer:
  m_ObjectHideFlags: 0
  m_CorrespondingSourceObject: {fileID: 0}
  m_PrefabInstance: {fileID: 0}
  m_PrefabAsset: {fileID: 0}
  m_GameObject: {fileID: 7861731086384359725}
  m_Enabled: 1
  m_CastShadows: 0
  m_ReceiveShadows: 0
  m_DynamicOccludee: 1
  m_MotionVectors: 1
  m_LightProbeUsage: 1
  m_ReflectionProbeUsage: 1
  m_RayTracingMode: 0
  m_RayTraceProcedural: 0
  m_RenderingLayerMask: 1
  m_RendererPriority: 0
  m_Materials:
  - {fileID: 10754, guid: 0000000000000000f000000000000000, type: 0}
  m_StaticBatchInfo:
    firstSubMesh: 0
    subMeshCount: 0
  m_StaticBatchRoot: {fileID: 0}
  m_ProbeAnchor: {fileID: 0}
  m_LightProbeVolumeOverride: {fileID: 0}
  m_ScaleInLightmap: 1
  m_ReceiveGI: 1
  m_PreserveUVs: 0
  m_IgnoreNormalsForChartDetection: 0
  m_ImportantGI: 0
  m_StitchLightmapSeams: 1
  m_SelectedEditorRenderState: 0
  m_MinimumChartSize: 4
  m_AutoUVMaxDistance: 0.5
  m_AutoUVMaxAngle: 89
  m_LightmapParameters: {fileID: 0}
  m_SortingLayerID: 0
  m_SortingLayer: 0
  m_SortingOrder: 3
  m_Sprite: {fileID: 21300000, guid: b073c6e0f6c310e43b3067d8851a39c6, type: 3}
  m_Color: {r: 1, g: 1, b: 1, a: 1}
  m_FlipX: 0
  m_FlipY: 0
  m_DrawMode: 0
  m_Size: {x: 1.57, y: 1.75}
  m_AdaptiveModeThreshold: 0.5
  m_SpriteTileMode: 0
  m_WasSpriteAssigned: 1
  m_MaskInteraction: 0
  m_SpriteSortPoint: 0
--- !u!65 &7861731086384359727
BoxCollider:
  m_ObjectHideFlags: 0
  m_CorrespondingSourceObject: {fileID: 0}
  m_PrefabInstance: {fileID: 0}
  m_PrefabAsset: {fileID: 0}
  m_GameObject: {fileID: 7861731086384359725}
  m_Material: {fileID: 0}
  m_IsTrigger: 1
  m_Enabled: 1
  serializedVersion: 2
  m_Size: {x: 3.2000008, y: 9, z: 0.2}
  m_Center: {x: 0.0000009536743, y: -2.29, z: 0}
--- !u!114 &7861731086384359721
MonoBehaviour:
  m_ObjectHideFlags: 0
  m_CorrespondingSourceObject: {fileID: 0}
  m_PrefabInstance: {fileID: 0}
  m_PrefabAsset: {fileID: 0}
  m_GameObject: {fileID: 7861731086384359725}
  m_Enabled: 1
  m_EditorHideFlags: 0
  m_Script: {fileID: 11500000, guid: 724bdae00e564ca40b011d4117d95182, type: 3}
  m_Name: 
  m_EditorClassIdentifier: 
--- !u!1 &7861731086706235420
GameObject:
  m_ObjectHideFlags: 0
  m_CorrespondingSourceObject: {fileID: 0}
  m_PrefabInstance: {fileID: 0}
  m_PrefabAsset: {fileID: 0}
  serializedVersion: 6
  m_Component:
  - component: {fileID: 7861731086706235421}
  - component: {fileID: 7861731086706235423}
  - component: {fileID: 7861731086706235422}
  - component: {fileID: 7861731086706235416}
  m_Layer: 10
  m_Name: Symbol_3
  m_TagString: Symbol
  m_Icon: {fileID: 0}
  m_NavMeshLayer: 0
  m_StaticEditorFlags: 0
  m_IsActive: 1
--- !u!4 &7861731086706235421
Transform:
  m_ObjectHideFlags: 0
  m_CorrespondingSourceObject: {fileID: 0}
  m_PrefabInstance: {fileID: 0}
  m_PrefabAsset: {fileID: 0}
  m_GameObject: {fileID: 7861731086706235420}
  m_LocalRotation: {x: 0, y: 0, z: 0.38268343, w: 0.92387956}
  m_LocalPosition: {x: 0.353, y: -0.386, z: -0.036}
  m_LocalScale: {x: 0.17230669, y: 0.11688597, z: 0.17230666}
  m_Children: []
  m_Father: {fileID: 7861731087089357845}
  m_RootOrder: 2
  m_LocalEulerAnglesHint: {x: 0, y: 0, z: 45}
--- !u!212 &7861731086706235423
SpriteRenderer:
  m_ObjectHideFlags: 0
  m_CorrespondingSourceObject: {fileID: 0}
  m_PrefabInstance: {fileID: 0}
  m_PrefabAsset: {fileID: 0}
  m_GameObject: {fileID: 7861731086706235420}
  m_Enabled: 1
  m_CastShadows: 0
  m_ReceiveShadows: 0
  m_DynamicOccludee: 1
  m_MotionVectors: 1
  m_LightProbeUsage: 1
  m_ReflectionProbeUsage: 1
  m_RayTracingMode: 0
  m_RayTraceProcedural: 0
  m_RenderingLayerMask: 1
  m_RendererPriority: 0
  m_Materials:
  - {fileID: 10754, guid: 0000000000000000f000000000000000, type: 0}
  m_StaticBatchInfo:
    firstSubMesh: 0
    subMeshCount: 0
  m_StaticBatchRoot: {fileID: 0}
  m_ProbeAnchor: {fileID: 0}
  m_LightProbeVolumeOverride: {fileID: 0}
  m_ScaleInLightmap: 1
  m_ReceiveGI: 1
  m_PreserveUVs: 0
  m_IgnoreNormalsForChartDetection: 0
  m_ImportantGI: 0
  m_StitchLightmapSeams: 1
  m_SelectedEditorRenderState: 0
  m_MinimumChartSize: 4
  m_AutoUVMaxDistance: 0.5
  m_AutoUVMaxAngle: 89
  m_LightmapParameters: {fileID: 0}
  m_SortingLayerID: 0
  m_SortingLayer: 0
  m_SortingOrder: 3
  m_Sprite: {fileID: 21300000, guid: b073c6e0f6c310e43b3067d8851a39c6, type: 3}
  m_Color: {r: 1, g: 1, b: 1, a: 1}
  m_FlipX: 0
  m_FlipY: 0
  m_DrawMode: 0
  m_Size: {x: 1.57, y: 1.75}
  m_AdaptiveModeThreshold: 0.5
  m_SpriteTileMode: 0
  m_WasSpriteAssigned: 1
  m_MaskInteraction: 0
  m_SpriteSortPoint: 0
--- !u!65 &7861731086706235422
BoxCollider:
  m_ObjectHideFlags: 0
  m_CorrespondingSourceObject: {fileID: 0}
  m_PrefabInstance: {fileID: 0}
  m_PrefabAsset: {fileID: 0}
  m_GameObject: {fileID: 7861731086706235420}
  m_Material: {fileID: 0}
  m_IsTrigger: 1
  m_Enabled: 1
  serializedVersion: 2
  m_Size: {x: 3.2, y: 9, z: 0.2}
  m_Center: {x: 0, y: -2.29, z: 0}
--- !u!114 &7861731086706235416
MonoBehaviour:
  m_ObjectHideFlags: 0
  m_CorrespondingSourceObject: {fileID: 0}
  m_PrefabInstance: {fileID: 0}
  m_PrefabAsset: {fileID: 0}
  m_GameObject: {fileID: 7861731086706235420}
  m_Enabled: 1
  m_EditorHideFlags: 0
  m_Script: {fileID: 11500000, guid: 724bdae00e564ca40b011d4117d95182, type: 3}
  m_Name: 
  m_EditorClassIdentifier: 
--- !u!1 &7861731086899499166
GameObject:
  m_ObjectHideFlags: 0
  m_CorrespondingSourceObject: {fileID: 0}
  m_PrefabInstance: {fileID: 0}
  m_PrefabAsset: {fileID: 0}
  serializedVersion: 6
  m_Component:
  - component: {fileID: 7861731086899499167}
  - component: {fileID: 7861731086899499160}
  m_Layer: 0
  m_Name: main_filter
  m_TagString: Untagged
  m_Icon: {fileID: 0}
  m_NavMeshLayer: 0
  m_StaticEditorFlags: 0
  m_IsActive: 1
--- !u!4 &7861731086899499167
Transform:
  m_ObjectHideFlags: 0
  m_CorrespondingSourceObject: {fileID: 0}
  m_PrefabInstance: {fileID: 0}
  m_PrefabAsset: {fileID: 0}
  m_GameObject: {fileID: 7861731086899499166}
  m_LocalRotation: {x: -0, y: -0, z: 0.38268343, w: 0.92387956}
  m_LocalPosition: {x: 0.145, y: -0.284, z: 0.052699275}
  m_LocalScale: {x: 0.37380004, y: 0.37380004, z: 0.3097325}
  m_Children: []
  m_Father: {fileID: 8031852193683080515}
  m_RootOrder: 0
  m_LocalEulerAnglesHint: {x: 0, y: 0, z: 0}
--- !u!212 &7861731086899499160
SpriteRenderer:
  m_ObjectHideFlags: 0
  m_CorrespondingSourceObject: {fileID: 0}
  m_PrefabInstance: {fileID: 0}
  m_PrefabAsset: {fileID: 0}
  m_GameObject: {fileID: 7861731086899499166}
  m_Enabled: 1
  m_CastShadows: 0
  m_ReceiveShadows: 0
  m_DynamicOccludee: 1
  m_MotionVectors: 1
  m_LightProbeUsage: 1
  m_ReflectionProbeUsage: 1
  m_RayTracingMode: 0
  m_RayTraceProcedural: 0
  m_RenderingLayerMask: 1
  m_RendererPriority: 0
  m_Materials:
  - {fileID: 10754, guid: 0000000000000000f000000000000000, type: 0}
  m_StaticBatchInfo:
    firstSubMesh: 0
    subMeshCount: 0
  m_StaticBatchRoot: {fileID: 0}
  m_ProbeAnchor: {fileID: 0}
  m_LightProbeVolumeOverride: {fileID: 0}
  m_ScaleInLightmap: 1
  m_ReceiveGI: 1
  m_PreserveUVs: 0
  m_IgnoreNormalsForChartDetection: 0
  m_ImportantGI: 0
  m_StitchLightmapSeams: 1
  m_SelectedEditorRenderState: 0
  m_MinimumChartSize: 4
  m_AutoUVMaxDistance: 0.5
  m_AutoUVMaxAngle: 89
  m_LightmapParameters: {fileID: 0}
  m_SortingLayerID: 0
  m_SortingLayer: 0
  m_SortingOrder: 0
  m_Sprite: {fileID: 21300000, guid: df463eba84604344facf49d10f809a51, type: 3}
  m_Color: {r: 1, g: 1, b: 1, a: 1}
  m_FlipX: 0
  m_FlipY: 0
  m_DrawMode: 0
  m_Size: {x: 1.57, y: 1.75}
  m_AdaptiveModeThreshold: 0.5
  m_SpriteTileMode: 0
  m_WasSpriteAssigned: 1
  m_MaskInteraction: 0
  m_SpriteSortPoint: 0
--- !u!1 &7861731086968374671
GameObject:
  m_ObjectHideFlags: 0
  m_CorrespondingSourceObject: {fileID: 0}
  m_PrefabInstance: {fileID: 0}
  m_PrefabAsset: {fileID: 0}
  serializedVersion: 6
  m_Component:
  - component: {fileID: 7861731086968374664}
  - component: {fileID: 7861731086968374666}
  - component: {fileID: 7861731086968374665}
  - component: {fileID: 7861731086968374667}
  m_Layer: 10
  m_Name: Symbol_4
  m_TagString: Symbol
  m_Icon: {fileID: 0}
  m_NavMeshLayer: 0
  m_StaticEditorFlags: 0
  m_IsActive: 1
--- !u!4 &7861731086968374664
Transform:
  m_ObjectHideFlags: 0
  m_CorrespondingSourceObject: {fileID: 0}
  m_PrefabInstance: {fileID: 0}
  m_PrefabAsset: {fileID: 0}
  m_GameObject: {fileID: 7861731086968374671}
  m_LocalRotation: {x: 0, y: 0, z: -0.38268343, w: 0.92387956}
  m_LocalPosition: {x: -0.359, y: -0.416, z: -0.01}
  m_LocalScale: {x: 0.17230669, y: 0.11688597, z: 0.17230666}
  m_Children: []
  m_Father: {fileID: 7861731087089357845}
  m_RootOrder: 3
  m_LocalEulerAnglesHint: {x: 0, y: 0, z: -45}
--- !u!212 &7861731086968374666
SpriteRenderer:
  m_ObjectHideFlags: 0
  m_CorrespondingSourceObject: {fileID: 0}
  m_PrefabInstance: {fileID: 0}
  m_PrefabAsset: {fileID: 0}
  m_GameObject: {fileID: 7861731086968374671}
  m_Enabled: 1
  m_CastShadows: 0
  m_ReceiveShadows: 0
  m_DynamicOccludee: 1
  m_MotionVectors: 1
  m_LightProbeUsage: 1
  m_ReflectionProbeUsage: 1
  m_RayTracingMode: 0
  m_RayTraceProcedural: 0
  m_RenderingLayerMask: 1
  m_RendererPriority: 0
  m_Materials:
  - {fileID: 10754, guid: 0000000000000000f000000000000000, type: 0}
  m_StaticBatchInfo:
    firstSubMesh: 0
    subMeshCount: 0
  m_StaticBatchRoot: {fileID: 0}
  m_ProbeAnchor: {fileID: 0}
  m_LightProbeVolumeOverride: {fileID: 0}
  m_ScaleInLightmap: 1
  m_ReceiveGI: 1
  m_PreserveUVs: 0
  m_IgnoreNormalsForChartDetection: 0
  m_ImportantGI: 0
  m_StitchLightmapSeams: 1
  m_SelectedEditorRenderState: 0
  m_MinimumChartSize: 4
  m_AutoUVMaxDistance: 0.5
  m_AutoUVMaxAngle: 89
  m_LightmapParameters: {fileID: 0}
  m_SortingLayerID: 0
  m_SortingLayer: 0
  m_SortingOrder: 3
  m_Sprite: {fileID: 21300000, guid: 5fd715affb1242c4aa18ba0652d40ae6, type: 3}
  m_Color: {r: 1, g: 1, b: 1, a: 1}
  m_FlipX: 0
  m_FlipY: 0
  m_DrawMode: 0
  m_Size: {x: 1.57, y: 1.75}
  m_AdaptiveModeThreshold: 0.5
  m_SpriteTileMode: 0
  m_WasSpriteAssigned: 1
  m_MaskInteraction: 0
  m_SpriteSortPoint: 0
--- !u!65 &7861731086968374665
BoxCollider:
  m_ObjectHideFlags: 0
  m_CorrespondingSourceObject: {fileID: 0}
  m_PrefabInstance: {fileID: 0}
  m_PrefabAsset: {fileID: 0}
  m_GameObject: {fileID: 7861731086968374671}
  m_Material: {fileID: 0}
  m_IsTrigger: 1
  m_Enabled: 1
  serializedVersion: 2
  m_Size: {x: 3.1999998, y: 9, z: 0.2}
  m_Center: {x: 0, y: -2.29, z: 0}
--- !u!114 &7861731086968374667
MonoBehaviour:
  m_ObjectHideFlags: 0
  m_CorrespondingSourceObject: {fileID: 0}
  m_PrefabInstance: {fileID: 0}
  m_PrefabAsset: {fileID: 0}
  m_GameObject: {fileID: 7861731086968374671}
  m_Enabled: 1
  m_EditorHideFlags: 0
  m_Script: {fileID: 11500000, guid: 724bdae00e564ca40b011d4117d95182, type: 3}
  m_Name: 
  m_EditorClassIdentifier: 
--- !u!1 &7861731087089357844
GameObject:
  m_ObjectHideFlags: 0
  m_CorrespondingSourceObject: {fileID: 0}
  m_PrefabInstance: {fileID: 0}
  m_PrefabAsset: {fileID: 0}
  serializedVersion: 6
  m_Component:
  - component: {fileID: 7861731087089357845}
  m_Layer: 0
  m_Name: Symbols
  m_TagString: Untagged
  m_Icon: {fileID: 0}
  m_NavMeshLayer: 0
  m_StaticEditorFlags: 0
  m_IsActive: 1
--- !u!4 &7861731087089357845
Transform:
  m_ObjectHideFlags: 0
  m_CorrespondingSourceObject: {fileID: 0}
  m_PrefabInstance: {fileID: 0}
  m_PrefabAsset: {fileID: 0}
  m_GameObject: {fileID: 7861731087089357844}
  m_LocalRotation: {x: -0, y: -0, z: -0.38268343, w: 0.92387956}
  m_LocalPosition: {x: 0, y: 0, z: -0.058}
  m_LocalScale: {x: 1, y: 1, z: 1}
  m_Children:
  - {fileID: 7861731086339574057}
  - {fileID: 7861731086384359726}
  - {fileID: 7861731086706235421}
  - {fileID: 7861731086968374664}
  m_Father: {fileID: 7861731087393324006}
  m_RootOrder: 2
  m_LocalEulerAnglesHint: {x: 0, y: 0, z: 0}
--- !u!1 &7861731087393324011
GameObject:
  m_ObjectHideFlags: 0
  m_CorrespondingSourceObject: {fileID: 0}
  m_PrefabInstance: {fileID: 0}
  m_PrefabAsset: {fileID: 0}
  serializedVersion: 6
  m_Component:
  - component: {fileID: 7861731087393324006}
  - component: {fileID: 7861731087393324004}
  - component: {fileID: 7861731087393324007}
  - component: {fileID: 7861731087393324000}
  m_Layer: 8
  m_Name: StartHand_rot
  m_TagString: Card
  m_Icon: {fileID: 0}
  m_NavMeshLayer: 0
  m_StaticEditorFlags: 0
  m_IsActive: 1
--- !u!4 &7861731087393324006
Transform:
  m_ObjectHideFlags: 0
  m_CorrespondingSourceObject: {fileID: 0}
  m_PrefabInstance: {fileID: 0}
  m_PrefabAsset: {fileID: 0}
  m_GameObject: {fileID: 7861731087393324011}
  m_LocalRotation: {x: 0, y: 0, z: 0.38268343, w: 0.92387956}
  m_LocalPosition: {x: -2.17, y: 6.33, z: 0}
  m_LocalScale: {x: 1, y: 1, z: 1}
  m_Children:
  - {fileID: 4933301044980069077}
  - {fileID: 8031852193683080515}
  - {fileID: 7861731087089357845}
  m_Father: {fileID: 0}
  m_RootOrder: 0
  m_LocalEulerAnglesHint: {x: 0, y: 0, z: 0}
--- !u!114 &7861731087393324004
MonoBehaviour:
  m_ObjectHideFlags: 0
  m_CorrespondingSourceObject: {fileID: 0}
  m_PrefabInstance: {fileID: 0}
  m_PrefabAsset: {fileID: 0}
  m_GameObject: {fileID: 7861731087393324011}
  m_Enabled: 1
  m_EditorHideFlags: 0
  m_Script: {fileID: 11500000, guid: ebfba2d6fd0f9c74499874bd444b4e2c, type: 3}
  m_Name: 
  m_EditorClassIdentifier: 
  mainSkill: Anger
  skillLevel_anger: 2
  skillLevel_sadness: 0
  skillLevel_fear: 0
  skillLevel_joy: 0
  skillLevel_disgust: 0
  Neighbors: []
  lastNeighbors: []
  counted: 0
  scaleCorrection: 1
  StartSlot: {fileID: 0}
  DelayedTarget: {fileID: 0}
  cardIsFromReserve: 0
--- !u!54 &7861731087393324007
Rigidbody:
  m_ObjectHideFlags: 0
  m_CorrespondingSourceObject: {fileID: 0}
  m_PrefabInstance: {fileID: 0}
  m_PrefabAsset: {fileID: 0}
  m_GameObject: {fileID: 7861731087393324011}
  serializedVersion: 2
  m_Mass: 1
  m_Drag: 0
  m_AngularDrag: 0.05
  m_UseGravity: 0
  m_IsKinematic: 0
  m_Interpolate: 0
  m_Constraints: 0
  m_CollisionDetection: 0
--- !u!65 &7861731087393324000
BoxCollider:
  m_ObjectHideFlags: 0
  m_CorrespondingSourceObject: {fileID: 0}
  m_PrefabInstance: {fileID: 0}
  m_PrefabAsset: {fileID: 0}
  m_GameObject: {fileID: 7861731087393324011}
  m_Material: {fileID: 0}
  m_IsTrigger: 1
  m_Enabled: 1
  serializedVersion: 2
  m_Size: {x: 1.5, y: 1.5, z: 0.2}
  m_Center: {x: 0, y: 0, z: 0}
--- !u!1001 &4898828242513089854
PrefabInstance:
  m_ObjectHideFlags: 0
  serializedVersion: 2
  m_Modification:
    m_TransformParent: {fileID: 7861731087393324006}
    m_Modifications:
    - target: {fileID: -8679921383154817045, guid: fc4345a7705514b018ce1d07bcd92a2e, type: 3}
      propertyPath: m_LocalPosition.x
      value: -0.512
      objectReference: {fileID: 0}
    - target: {fileID: -8679921383154817045, guid: fc4345a7705514b018ce1d07bcd92a2e, type: 3}
      propertyPath: m_LocalPosition.y
      value: -0.018
      objectReference: {fileID: 0}
    - target: {fileID: -8679921383154817045, guid: fc4345a7705514b018ce1d07bcd92a2e, type: 3}
      propertyPath: m_LocalPosition.z
      value: -0.23
      objectReference: {fileID: 0}
    - target: {fileID: -8679921383154817045, guid: fc4345a7705514b018ce1d07bcd92a2e, type: 3}
      propertyPath: m_LocalRotation.x
      value: -0.27059805
      objectReference: {fileID: 0}
    - target: {fileID: -8679921383154817045, guid: fc4345a7705514b018ce1d07bcd92a2e, type: 3}
      propertyPath: m_LocalRotation.y
      value: -0.6532815
      objectReference: {fileID: 0}
    - target: {fileID: -8679921383154817045, guid: fc4345a7705514b018ce1d07bcd92a2e, type: 3}
      propertyPath: m_LocalRotation.z
      value: -0.27059805
      objectReference: {fileID: 0}
    - target: {fileID: -8679921383154817045, guid: fc4345a7705514b018ce1d07bcd92a2e, type: 3}
      propertyPath: m_LocalRotation.w
      value: 0.6532815
      objectReference: {fileID: 0}
    - target: {fileID: -8679921383154817045, guid: fc4345a7705514b018ce1d07bcd92a2e, type: 3}
      propertyPath: m_RootOrder
      value: 0
      objectReference: {fileID: 0}
    - target: {fileID: -8679921383154817045, guid: fc4345a7705514b018ce1d07bcd92a2e, type: 3}
      propertyPath: m_LocalEulerAnglesHint.x
      value: -45
      objectReference: {fileID: 0}
    - target: {fileID: -8679921383154817045, guid: fc4345a7705514b018ce1d07bcd92a2e, type: 3}
      propertyPath: m_LocalEulerAnglesHint.y
      value: -90
      objectReference: {fileID: 0}
    - target: {fileID: -8679921383154817045, guid: fc4345a7705514b018ce1d07bcd92a2e, type: 3}
      propertyPath: m_LocalEulerAnglesHint.z
      value: 0
      objectReference: {fileID: 0}
    - target: {fileID: -8679921383154817045, guid: fc4345a7705514b018ce1d07bcd92a2e, type: 3}
      propertyPath: m_LocalScale.x
      value: 14.625822
      objectReference: {fileID: 0}
    - target: {fileID: -8679921383154817045, guid: fc4345a7705514b018ce1d07bcd92a2e, type: 3}
      propertyPath: m_LocalScale.y
      value: 14.625822
      objectReference: {fileID: 0}
    - target: {fileID: -8679921383154817045, guid: fc4345a7705514b018ce1d07bcd92a2e, type: 3}
      propertyPath: m_LocalScale.z
      value: 14.625822
      objectReference: {fileID: 0}
    - target: {fileID: 919132149155446097, guid: fc4345a7705514b018ce1d07bcd92a2e, type: 3}
      propertyPath: m_Name
      value: SpielKarte5
      objectReference: {fileID: 0}
    - target: {fileID: 4191509097384965755, guid: fc4345a7705514b018ce1d07bcd92a2e, type: 3}
      propertyPath: m_Materials.Array.data[0]
      value: 
      objectReference: {fileID: 2100000, guid: abc525aa050b94b949efdf0eeb973167, type: 2}
    m_RemovedComponents: []
  m_SourcePrefab: {fileID: 100100000, guid: fc4345a7705514b018ce1d07bcd92a2e, type: 3}
--- !u!4 &4933301044980069077 stripped
Transform:
  m_CorrespondingSourceObject: {fileID: -8679921383154817045, guid: fc4345a7705514b018ce1d07bcd92a2e, type: 3}
  m_PrefabInstance: {fileID: 4898828242513089854}
  m_PrefabAsset: {fileID: 0}
