%YAML 1.1
%TAG !u! tag:unity3d.com,2011:
--- !u!29 &1
OcclusionCullingSettings:
  m_ObjectHideFlags: 0
  serializedVersion: 2
  m_OcclusionBakeSettings:
    smallestOccluder: 5
    smallestHole: 0.25
    backfaceThreshold: 100
  m_SceneGUID: 00000000000000000000000000000000
  m_OcclusionCullingData: {fileID: 0}
--- !u!104 &2
RenderSettings:
  m_ObjectHideFlags: 0
  serializedVersion: 9
  m_Fog: 0
  m_FogColor: {r: 0.5, g: 0.5, b: 0.5, a: 1}
  m_FogMode: 3
  m_FogDensity: 0.01
  m_LinearFogStart: 0
  m_LinearFogEnd: 300
  m_AmbientSkyColor: {r: 0.212, g: 0.227, b: 0.259, a: 1}
  m_AmbientEquatorColor: {r: 0.114, g: 0.125, b: 0.133, a: 1}
  m_AmbientGroundColor: {r: 0.047, g: 0.043, b: 0.035, a: 1}
  m_AmbientIntensity: 1
  m_AmbientMode: 0
  m_SubtractiveShadowColor: {r: 0.42, g: 0.478, b: 0.627, a: 1}
  m_SkyboxMaterial: {fileID: 0}
  m_HaloStrength: 0.5
  m_FlareStrength: 1
  m_FlareFadeSpeed: 3
  m_HaloTexture: {fileID: 0}
  m_SpotCookie: {fileID: 10001, guid: 0000000000000000e000000000000000, type: 0}
  m_DefaultReflectionMode: 0
  m_DefaultReflectionResolution: 128
  m_ReflectionBounces: 1
  m_ReflectionIntensity: 1
  m_CustomReflection: {fileID: 0}
  m_Sun: {fileID: 0}
  m_IndirectSpecularColor: {r: 0, g: 0, b: 0, a: 1}
  m_UseRadianceAmbientProbe: 0
--- !u!157 &3
LightmapSettings:
  m_ObjectHideFlags: 0
  serializedVersion: 12
  m_GIWorkflowMode: 1
  m_GISettings:
    serializedVersion: 2
    m_BounceScale: 1
    m_IndirectOutputScale: 1
    m_AlbedoBoost: 1
    m_EnvironmentLightingMode: 0
    m_EnableBakedLightmaps: 1
    m_EnableRealtimeLightmaps: 0
  m_LightmapEditorSettings:
    serializedVersion: 12
    m_Resolution: 2
    m_BakeResolution: 40
    m_AtlasSize: 1024
    m_AO: 0
    m_AOMaxDistance: 1
    m_CompAOExponent: 1
    m_CompAOExponentDirect: 0
    m_ExtractAmbientOcclusion: 0
    m_Padding: 2
    m_LightmapParameters: {fileID: 0}
    m_LightmapsBakeMode: 1
    m_TextureCompression: 1
    m_FinalGather: 0
    m_FinalGatherFiltering: 1
    m_FinalGatherRayCount: 256
    m_ReflectionCompression: 2
    m_MixedBakeMode: 2
    m_BakeBackend: 1
    m_PVRSampling: 1
    m_PVRDirectSampleCount: 32
    m_PVRSampleCount: 512
    m_PVRBounces: 2
    m_PVREnvironmentSampleCount: 256
    m_PVREnvironmentReferencePointCount: 2048
    m_PVRFilteringMode: 1
    m_PVRDenoiserTypeDirect: 1
    m_PVRDenoiserTypeIndirect: 1
    m_PVRDenoiserTypeAO: 1
    m_PVRFilterTypeDirect: 0
    m_PVRFilterTypeIndirect: 0
    m_PVRFilterTypeAO: 0
    m_PVREnvironmentMIS: 1
    m_PVRCulling: 1
    m_PVRFilteringGaussRadiusDirect: 1
    m_PVRFilteringGaussRadiusIndirect: 5
    m_PVRFilteringGaussRadiusAO: 2
    m_PVRFilteringAtrousPositionSigmaDirect: 0.5
    m_PVRFilteringAtrousPositionSigmaIndirect: 2
    m_PVRFilteringAtrousPositionSigmaAO: 1
    m_ExportTrainingData: 0
    m_TrainingDataDestination: TrainingData
    m_LightProbeSampleCountMultiplier: 4
  m_LightingDataAsset: {fileID: 0}
  m_LightingSettings: {fileID: 0}
--- !u!196 &4
NavMeshSettings:
  serializedVersion: 2
  m_ObjectHideFlags: 0
  m_BuildSettings:
    serializedVersion: 2
    agentTypeID: 0
    agentRadius: 0.5
    agentHeight: 2
    agentSlope: 45
    agentClimb: 0.4
    ledgeDropHeight: 0
    maxJumpAcrossDistance: 0
    minRegionArea: 2
    manualCellSize: 0
    cellSize: 0.16666667
    manualTileSize: 0
    tileSize: 256
    accuratePlacement: 0
    maxJobWorkers: 0
    preserveTilesOutsideBounds: 0
    debug:
      m_Flags: 0
  m_NavMeshData: {fileID: 0}
--- !u!1001 &101598329
PrefabInstance:
  m_ObjectHideFlags: 0
  serializedVersion: 2
  m_Modification:
    m_TransformParent: {fileID: 0}
    m_Modifications:
    - target: {fileID: 547108638660288667, guid: 9f885d1c14b20e8489cb96b34a68fd0f, type: 3}
      propertyPath: m_Name
      value: InventoryPointAndClick
      objectReference: {fileID: 0}
    - target: {fileID: 547108638660288668, guid: 9f885d1c14b20e8489cb96b34a68fd0f, type: 3}
      propertyPath: m_LocalPosition.x
      value: -3.39
      objectReference: {fileID: 0}
    - target: {fileID: 547108638660288668, guid: 9f885d1c14b20e8489cb96b34a68fd0f, type: 3}
      propertyPath: m_LocalPosition.y
      value: 4.25
      objectReference: {fileID: 0}
    - target: {fileID: 547108638660288668, guid: 9f885d1c14b20e8489cb96b34a68fd0f, type: 3}
      propertyPath: m_LocalPosition.z
      value: 0.44
      objectReference: {fileID: 0}
    - target: {fileID: 547108638660288668, guid: 9f885d1c14b20e8489cb96b34a68fd0f, type: 3}
      propertyPath: m_LocalRotation.x
      value: 0
      objectReference: {fileID: 0}
    - target: {fileID: 547108638660288668, guid: 9f885d1c14b20e8489cb96b34a68fd0f, type: 3}
      propertyPath: m_LocalRotation.y
      value: 0
      objectReference: {fileID: 0}
    - target: {fileID: 547108638660288668, guid: 9f885d1c14b20e8489cb96b34a68fd0f, type: 3}
      propertyPath: m_LocalRotation.z
      value: 0
      objectReference: {fileID: 0}
    - target: {fileID: 547108638660288668, guid: 9f885d1c14b20e8489cb96b34a68fd0f, type: 3}
      propertyPath: m_LocalRotation.w
      value: 1
      objectReference: {fileID: 0}
    - target: {fileID: 547108638660288668, guid: 9f885d1c14b20e8489cb96b34a68fd0f, type: 3}
      propertyPath: m_RootOrder
      value: 8
      objectReference: {fileID: 0}
    - target: {fileID: 547108638660288668, guid: 9f885d1c14b20e8489cb96b34a68fd0f, type: 3}
      propertyPath: m_LocalEulerAnglesHint.x
      value: 0
      objectReference: {fileID: 0}
    - target: {fileID: 547108638660288668, guid: 9f885d1c14b20e8489cb96b34a68fd0f, type: 3}
      propertyPath: m_LocalEulerAnglesHint.y
      value: 0
      objectReference: {fileID: 0}
    - target: {fileID: 547108638660288668, guid: 9f885d1c14b20e8489cb96b34a68fd0f, type: 3}
      propertyPath: m_LocalEulerAnglesHint.z
      value: 0
      objectReference: {fileID: 0}
    m_RemovedComponents: []
  m_SourcePrefab: {fileID: 100100000, guid: 9f885d1c14b20e8489cb96b34a68fd0f, type: 3}
--- !u!114 &101598330 stripped
MonoBehaviour:
  m_CorrespondingSourceObject: {fileID: 547108638660288669, guid: 9f885d1c14b20e8489cb96b34a68fd0f, type: 3}
  m_PrefabInstance: {fileID: 101598329}
  m_PrefabAsset: {fileID: 0}
  m_GameObject: {fileID: 0}
  m_Enabled: 1
  m_EditorHideFlags: 0
  m_Script: {fileID: 11500000, guid: 504bd5b2895f25c4fbe28fda2bf3b204, type: 3}
  m_Name: 
  m_EditorClassIdentifier: 
--- !u!1 &192391875 stripped
GameObject:
  m_CorrespondingSourceObject: {fileID: 8764367869761479681, guid: 3e622c5873cd3a94aaa4c1cfb60c666c, type: 3}
  m_PrefabInstance: {fileID: 1278277367}
  m_PrefabAsset: {fileID: 0}
--- !u!114 &192391880
MonoBehaviour:
  m_ObjectHideFlags: 0
  m_CorrespondingSourceObject: {fileID: 0}
  m_PrefabInstance: {fileID: 0}
  m_PrefabAsset: {fileID: 0}
  m_GameObject: {fileID: 192391875}
  m_Enabled: 1
  m_EditorHideFlags: 0
  m_Script: {fileID: 11500000, guid: 70bff7236f70cd84995916b3c76754db, type: 3}
  m_Name: 
  m_EditorClassIdentifier: 
  PlacedCard: {fileID: 0}
  hasPlacedCard: 0
  isAdjacentToTargetSlot: 0
  canReceiveSwappedCard: 0
  isSwaping: 0
  Type: 0
  allTiles: []
  adjacentTiles:
  - {fileID: 619495616}
  - {fileID: 522779040}
  - {fileID: 685870813}
  - {fileID: 1847619958}
--- !u!1001 &347804636
PrefabInstance:
  m_ObjectHideFlags: 0
  serializedVersion: 2
  m_Modification:
    m_TransformParent: {fileID: 0}
    m_Modifications:
    - target: {fileID: -8891317744605814920, guid: b19bfce2d319c7549865fcc9225efe25, type: 3}
      propertyPath: Reward_Board
      value: 
      objectReference: {fileID: 0}
    - target: {fileID: -8891317744605814920, guid: b19bfce2d319c7549865fcc9225efe25, type: 3}
      propertyPath: spin_timer
      value: 1
      objectReference: {fileID: 0}
    - target: {fileID: 2196075369362464132, guid: b19bfce2d319c7549865fcc9225efe25, type: 3}
      propertyPath: m_Name
      value: ArtReferences
      objectReference: {fileID: 0}
    - target: {fileID: 2196075369362464133, guid: b19bfce2d319c7549865fcc9225efe25, type: 3}
      propertyPath: Images_Anger.Array.size
      value: 2
      objectReference: {fileID: 0}
    - target: {fileID: 2196075369362464133, guid: b19bfce2d319c7549865fcc9225efe25, type: 3}
      propertyPath: Images_Sadness.Array.size
      value: 1
      objectReference: {fileID: 0}
    - target: {fileID: 2196075369362464133, guid: b19bfce2d319c7549865fcc9225efe25, type: 3}
      propertyPath: Images_Fear.Array.size
      value: 1
      objectReference: {fileID: 0}
    - target: {fileID: 2196075369362464133, guid: b19bfce2d319c7549865fcc9225efe25, type: 3}
      propertyPath: Images_Joy.Array.size
      value: 2
      objectReference: {fileID: 0}
    - target: {fileID: 2196075369362464133, guid: b19bfce2d319c7549865fcc9225efe25, type: 3}
      propertyPath: Images_Sadness.Array.data[0]
      value: 
      objectReference: {fileID: 2100000, guid: 54a23189969a4a144aa1ecb0302eaa51, type: 2}
    - target: {fileID: 2196075369362464133, guid: b19bfce2d319c7549865fcc9225efe25, type: 3}
      propertyPath: Images_Anger.Array.data[0]
      value: 
      objectReference: {fileID: 2100000, guid: fae623f01a0970d4b97b98c7f314b0df, type: 2}
    - target: {fileID: 2196075369362464133, guid: b19bfce2d319c7549865fcc9225efe25, type: 3}
      propertyPath: Images_Anger.Array.data[1]
      value: 
      objectReference: {fileID: 2100000, guid: 0513a863f8a2054428b8b3f96a65e90e, type: 2}
    - target: {fileID: 2196075369362464133, guid: b19bfce2d319c7549865fcc9225efe25, type: 3}
      propertyPath: Images_Joy.Array.data[0]
      value: 
      objectReference: {fileID: 2100000, guid: f4ea531ebeb979048b45a654c5ece2a9, type: 2}
    - target: {fileID: 2196075369362464133, guid: b19bfce2d319c7549865fcc9225efe25, type: 3}
      propertyPath: Images_Joy.Array.data[1]
      value: 
      objectReference: {fileID: 2100000, guid: e93d083e44b307a4b8399200af6852c8, type: 2}
    - target: {fileID: 2196075369362464133, guid: b19bfce2d319c7549865fcc9225efe25, type: 3}
      propertyPath: Images_Fear.Array.data[0]
      value: 
      objectReference: {fileID: 2100000, guid: 974ede8981b99b44d8fd01c82e0325f8, type: 2}
    - target: {fileID: 2196075369362464134, guid: b19bfce2d319c7549865fcc9225efe25, type: 3}
      propertyPath: m_LocalPosition.x
      value: 0
      objectReference: {fileID: 0}
    - target: {fileID: 2196075369362464134, guid: b19bfce2d319c7549865fcc9225efe25, type: 3}
      propertyPath: m_LocalPosition.y
      value: 0
      objectReference: {fileID: 0}
    - target: {fileID: 2196075369362464134, guid: b19bfce2d319c7549865fcc9225efe25, type: 3}
      propertyPath: m_LocalPosition.z
      value: 0
      objectReference: {fileID: 0}
    - target: {fileID: 2196075369362464134, guid: b19bfce2d319c7549865fcc9225efe25, type: 3}
      propertyPath: m_LocalRotation.x
      value: 0
      objectReference: {fileID: 0}
    - target: {fileID: 2196075369362464134, guid: b19bfce2d319c7549865fcc9225efe25, type: 3}
      propertyPath: m_LocalRotation.y
      value: 0
      objectReference: {fileID: 0}
    - target: {fileID: 2196075369362464134, guid: b19bfce2d319c7549865fcc9225efe25, type: 3}
      propertyPath: m_LocalRotation.z
      value: 0
      objectReference: {fileID: 0}
    - target: {fileID: 2196075369362464134, guid: b19bfce2d319c7549865fcc9225efe25, type: 3}
      propertyPath: m_LocalRotation.w
      value: 1
      objectReference: {fileID: 0}
    - target: {fileID: 2196075369362464134, guid: b19bfce2d319c7549865fcc9225efe25, type: 3}
      propertyPath: m_RootOrder
      value: 7
      objectReference: {fileID: 0}
    - target: {fileID: 2196075369362464134, guid: b19bfce2d319c7549865fcc9225efe25, type: 3}
      propertyPath: m_LocalEulerAnglesHint.x
      value: 0
      objectReference: {fileID: 0}
    - target: {fileID: 2196075369362464134, guid: b19bfce2d319c7549865fcc9225efe25, type: 3}
      propertyPath: m_LocalEulerAnglesHint.y
      value: 0
      objectReference: {fileID: 0}
    - target: {fileID: 2196075369362464134, guid: b19bfce2d319c7549865fcc9225efe25, type: 3}
      propertyPath: m_LocalEulerAnglesHint.z
      value: 0
      objectReference: {fileID: 0}
    m_RemovedComponents: []
  m_SourcePrefab: {fileID: 100100000, guid: b19bfce2d319c7549865fcc9225efe25, type: 3}
--- !u!1 &522779040 stripped
GameObject:
  m_CorrespondingSourceObject: {fileID: 8764367868978652319, guid: 3e622c5873cd3a94aaa4c1cfb60c666c, type: 3}
  m_PrefabInstance: {fileID: 1278277367}
  m_PrefabAsset: {fileID: 0}
--- !u!114 &522779045
MonoBehaviour:
  m_ObjectHideFlags: 0
  m_CorrespondingSourceObject: {fileID: 0}
  m_PrefabInstance: {fileID: 0}
  m_PrefabAsset: {fileID: 0}
  m_GameObject: {fileID: 522779040}
  m_Enabled: 1
  m_EditorHideFlags: 0
  m_Script: {fileID: 11500000, guid: 70bff7236f70cd84995916b3c76754db, type: 3}
  m_Name: 
  m_EditorClassIdentifier: 
  PlacedCard: {fileID: 0}
  hasPlacedCard: 0
  isAdjacentToTargetSlot: 0
  canReceiveSwappedCard: 0
  isSwaping: 0
  Type: 0
  allTiles: []
  adjacentTiles:
  - {fileID: 192391875}
--- !u!1 &619495616 stripped
GameObject:
  m_CorrespondingSourceObject: {fileID: 8764367870030759481, guid: 3e622c5873cd3a94aaa4c1cfb60c666c, type: 3}
  m_PrefabInstance: {fileID: 1278277367}
  m_PrefabAsset: {fileID: 0}
--- !u!114 &619495621
MonoBehaviour:
  m_ObjectHideFlags: 0
  m_CorrespondingSourceObject: {fileID: 0}
  m_PrefabInstance: {fileID: 0}
  m_PrefabAsset: {fileID: 0}
  m_GameObject: {fileID: 619495616}
  m_Enabled: 1
  m_EditorHideFlags: 0
  m_Script: {fileID: 11500000, guid: 70bff7236f70cd84995916b3c76754db, type: 3}
  m_Name: 
  m_EditorClassIdentifier: 
  PlacedCard: {fileID: 0}
  hasPlacedCard: 0
  isAdjacentToTargetSlot: 0
  canReceiveSwappedCard: 0
  isSwaping: 0
  Type: 0
  allTiles: []
  adjacentTiles:
  - {fileID: 192391875}
  - {fileID: 818560176}
--- !u!1 &685870813 stripped
GameObject:
  m_CorrespondingSourceObject: {fileID: 8764367869659766825, guid: 3e622c5873cd3a94aaa4c1cfb60c666c, type: 3}
  m_PrefabInstance: {fileID: 1278277367}
  m_PrefabAsset: {fileID: 0}
--- !u!114 &685870818
MonoBehaviour:
  m_ObjectHideFlags: 0
  m_CorrespondingSourceObject: {fileID: 0}
  m_PrefabInstance: {fileID: 0}
  m_PrefabAsset: {fileID: 0}
  m_GameObject: {fileID: 685870813}
  m_Enabled: 1
  m_EditorHideFlags: 0
  m_Script: {fileID: 11500000, guid: 70bff7236f70cd84995916b3c76754db, type: 3}
  m_Name: 
  m_EditorClassIdentifier: 
  PlacedCard: {fileID: 0}
  hasPlacedCard: 0
  isAdjacentToTargetSlot: 0
  canReceiveSwappedCard: 0
  isSwaping: 0
  Type: 0
  allTiles: []
  adjacentTiles:
  - {fileID: 818560176}
  - {fileID: 192391875}
--- !u!1 &818560176 stripped
GameObject:
  m_CorrespondingSourceObject: {fileID: 8764367869692239406, guid: 3e622c5873cd3a94aaa4c1cfb60c666c, type: 3}
  m_PrefabInstance: {fileID: 1278277367}
  m_PrefabAsset: {fileID: 0}
--- !u!114 &818560181
MonoBehaviour:
  m_ObjectHideFlags: 0
  m_CorrespondingSourceObject: {fileID: 0}
  m_PrefabInstance: {fileID: 0}
  m_PrefabAsset: {fileID: 0}
  m_GameObject: {fileID: 818560176}
  m_Enabled: 1
  m_EditorHideFlags: 0
  m_Script: {fileID: 11500000, guid: 70bff7236f70cd84995916b3c76754db, type: 3}
  m_Name: 
  m_EditorClassIdentifier: 
  PlacedCard: {fileID: 0}
  hasPlacedCard: 0
  isAdjacentToTargetSlot: 0
  canReceiveSwappedCard: 0
  isSwaping: 0
  Type: 0
  allTiles: []
  adjacentTiles:
  - {fileID: 619495616}
  - {fileID: 1480095191}
  - {fileID: 2133464130}
  - {fileID: 685870813}
--- !u!114 &837512510 stripped
MonoBehaviour:
  m_CorrespondingSourceObject: {fileID: 2196075369362464133, guid: b19bfce2d319c7549865fcc9225efe25, type: 3}
  m_PrefabInstance: {fileID: 347804636}
  m_PrefabAsset: {fileID: 0}
  m_GameObject: {fileID: 0}
  m_Enabled: 1
  m_EditorHideFlags: 0
  m_Script: {fileID: 11500000, guid: caf9f49ff1734ed409a2fbb0a0f873cb, type: 3}
  m_Name: 
  m_EditorClassIdentifier: 
--- !u!1001 &889444061
PrefabInstance:
  m_ObjectHideFlags: 0
  serializedVersion: 2
  m_Modification:
    m_TransformParent: {fileID: 0}
    m_Modifications:
    - target: {fileID: 848851679596182784, guid: af4b1c01a11416b469cdf946d48e9efe, type: 3}
      propertyPath: m_LocalPosition.x
      value: 0.010643005
      objectReference: {fileID: 0}
    - target: {fileID: 848851679596182784, guid: af4b1c01a11416b469cdf946d48e9efe, type: 3}
      propertyPath: m_LocalPosition.y
      value: -0.19153076
      objectReference: {fileID: 0}
    - target: {fileID: 848851679596182784, guid: af4b1c01a11416b469cdf946d48e9efe, type: 3}
      propertyPath: m_LocalPosition.z
      value: 0.12342024
      objectReference: {fileID: 0}
    - target: {fileID: 848851679596182784, guid: af4b1c01a11416b469cdf946d48e9efe, type: 3}
      propertyPath: m_LocalRotation.x
      value: 0
      objectReference: {fileID: 0}
    - target: {fileID: 848851679596182784, guid: af4b1c01a11416b469cdf946d48e9efe, type: 3}
      propertyPath: m_LocalRotation.y
      value: 0
      objectReference: {fileID: 0}
    - target: {fileID: 848851679596182784, guid: af4b1c01a11416b469cdf946d48e9efe, type: 3}
      propertyPath: m_LocalRotation.z
      value: 0
      objectReference: {fileID: 0}
    - target: {fileID: 848851679596182784, guid: af4b1c01a11416b469cdf946d48e9efe, type: 3}
      propertyPath: m_LocalRotation.w
      value: 1
      objectReference: {fileID: 0}
    - target: {fileID: 848851679596182784, guid: af4b1c01a11416b469cdf946d48e9efe, type: 3}
      propertyPath: m_RootOrder
      value: 4
      objectReference: {fileID: 0}
    - target: {fileID: 848851679596182784, guid: af4b1c01a11416b469cdf946d48e9efe, type: 3}
      propertyPath: m_LocalEulerAnglesHint.x
      value: 0
      objectReference: {fileID: 0}
    - target: {fileID: 848851679596182784, guid: af4b1c01a11416b469cdf946d48e9efe, type: 3}
      propertyPath: m_LocalEulerAnglesHint.y
      value: 0
      objectReference: {fileID: 0}
    - target: {fileID: 848851679596182784, guid: af4b1c01a11416b469cdf946d48e9efe, type: 3}
      propertyPath: m_LocalEulerAnglesHint.z
      value: 0
      objectReference: {fileID: 0}
    - target: {fileID: 848851679596182786, guid: af4b1c01a11416b469cdf946d48e9efe, type: 3}
      propertyPath: m_Name
      value: EventManager
      objectReference: {fileID: 0}
    m_RemovedComponents: []
  m_SourcePrefab: {fileID: 100100000, guid: af4b1c01a11416b469cdf946d48e9efe, type: 3}
--- !u!1 &1001560680
GameObject:
  m_ObjectHideFlags: 0
  m_CorrespondingSourceObject: {fileID: 0}
  m_PrefabInstance: {fileID: 0}
  m_PrefabAsset: {fileID: 0}
  serializedVersion: 6
  m_Component:
  - component: {fileID: 1001560685}
  - component: {fileID: 1001560684}
  - component: {fileID: 1001560683}
  - component: {fileID: 1001560682}
  - component: {fileID: 1001560681}
  m_Layer: 0
  m_Name: Main Camera
  m_TagString: MainCamera
  m_Icon: {fileID: 0}
  m_NavMeshLayer: 0
  m_StaticEditorFlags: 0
  m_IsActive: 1
--- !u!114 &1001560681
MonoBehaviour:
  m_ObjectHideFlags: 0
  m_CorrespondingSourceObject: {fileID: 0}
  m_PrefabInstance: {fileID: 0}
  m_PrefabAsset: {fileID: 0}
  m_GameObject: {fileID: 1001560680}
  m_Enabled: 1
  m_EditorHideFlags: 0
  m_Script: {fileID: 11500000, guid: 23c1ce4fb46143f46bc5cb5224c934f6, type: 3}
  m_Name: 
  m_EditorClassIdentifier: 
  m_Version: 7
  m_ObsoleteRenderingPath: 0
  m_ObsoleteFrameSettings:
    overrides: 0
    enableShadow: 0
    enableContactShadows: 0
    enableShadowMask: 0
    enableSSR: 0
    enableSSAO: 0
    enableSubsurfaceScattering: 0
    enableTransmission: 0
    enableAtmosphericScattering: 0
    enableVolumetrics: 0
    enableReprojectionForVolumetrics: 0
    enableLightLayers: 0
    enableExposureControl: 1
    diffuseGlobalDimmer: 0
    specularGlobalDimmer: 0
    shaderLitMode: 0
    enableDepthPrepassWithDeferredRendering: 0
    enableTransparentPrepass: 0
    enableMotionVectors: 0
    enableObjectMotionVectors: 0
    enableDecals: 0
    enableRoughRefraction: 0
    enableTransparentPostpass: 0
    enableDistortion: 0
    enablePostprocess: 0
    enableOpaqueObjects: 0
    enableTransparentObjects: 0
    enableRealtimePlanarReflection: 0
    enableMSAA: 0
    enableAsyncCompute: 0
    runLightListAsync: 0
    runSSRAsync: 0
    runSSAOAsync: 0
    runContactShadowsAsync: 0
    runVolumeVoxelizationAsync: 0
    lightLoopSettings:
      overrides: 0
      enableDeferredTileAndCluster: 0
      enableComputeLightEvaluation: 0
      enableComputeLightVariants: 0
      enableComputeMaterialVariants: 0
      enableFptlForForwardOpaque: 0
      enableBigTilePrepass: 0
      isFptlEnabled: 0
  clearColorMode: 0
  backgroundColorHDR: {r: 0.025, g: 0.07, b: 0.19, a: 0}
  clearDepth: 1
  volumeLayerMask:
    serializedVersion: 2
    m_Bits: 1
  volumeAnchorOverride: {fileID: 0}
  antialiasing: 0
  SMAAQuality: 2
  dithering: 0
  stopNaNs: 0
  taaSharpenStrength: 0.6
  physicalParameters:
    m_Iso: 200
    m_ShutterSpeed: 0.005
    m_Aperture: 16
    m_BladeCount: 5
    m_Curvature: {x: 2, y: 11}
    m_BarrelClipping: 0.25
    m_Anamorphism: 0
  flipYMode: 0
  xrRendering: 1
  fullscreenPassthrough: 0
  allowDynamicResolution: 0
  customRenderingSettings: 0
  invertFaceCulling: 0
  probeLayerMask:
    serializedVersion: 2
    m_Bits: 4294967295
  hasPersistentHistory: 0
  m_RenderingPathCustomFrameSettings:
    bitDatas:
      data1: 70300024700749
      data2: 4539628425463136256
    lodBias: 1
    lodBiasMode: 0
    lodBiasQualityLevel: 0
    maximumLODLevel: 0
    maximumLODLevelMode: 0
    maximumLODLevelQualityLevel: 0
    materialQuality: 0
  renderingPathCustomFrameSettingsOverrideMask:
    mask:
      data1: 0
      data2: 0
  defaultFrameSettings: 0
--- !u!114 &1001560682
MonoBehaviour:
  m_ObjectHideFlags: 0
  m_CorrespondingSourceObject: {fileID: 0}
  m_PrefabInstance: {fileID: 0}
  m_PrefabAsset: {fileID: 0}
  m_GameObject: {fileID: 1001560680}
  m_Enabled: 1
  m_EditorHideFlags: 0
  m_Script: {fileID: 11500000, guid: a79441f348de89743a2939f4d699eac1, type: 3}
  m_Name: 
  m_EditorClassIdentifier: 
--- !u!81 &1001560683
AudioListener:
  m_ObjectHideFlags: 0
  m_CorrespondingSourceObject: {fileID: 0}
  m_PrefabInstance: {fileID: 0}
  m_PrefabAsset: {fileID: 0}
  m_GameObject: {fileID: 1001560680}
  m_Enabled: 1
--- !u!20 &1001560684
Camera:
  m_ObjectHideFlags: 0
  m_CorrespondingSourceObject: {fileID: 0}
  m_PrefabInstance: {fileID: 0}
  m_PrefabAsset: {fileID: 0}
  m_GameObject: {fileID: 1001560680}
  m_Enabled: 1
  serializedVersion: 2
  m_ClearFlags: 1
  m_BackGroundColor: {r: 0.19215687, g: 0.3019608, b: 0.4745098, a: 0}
  m_projectionMatrixMode: 1
  m_GateFitMode: 2
  m_FOVAxisMode: 0
  m_SensorSize: {x: 36, y: 24}
  m_LensShift: {x: 0, y: 0}
  m_FocalLength: 50
  m_NormalizedViewPortRect:
    serializedVersion: 2
    x: 0
    y: 0
    width: 1
    height: 1
  near clip plane: 0.3
  far clip plane: 1000
  field of view: 60
  orthographic: 0
  orthographic size: 5
  m_Depth: -1
  m_CullingMask:
    serializedVersion: 2
    m_Bits: 4294967295
  m_RenderingPath: -1
  m_TargetTexture: {fileID: 0}
  m_TargetDisplay: 0
  m_TargetEye: 3
  m_HDR: 0
  m_AllowMSAA: 0
  m_AllowDynamicResolution: 0
  m_ForceIntoRT: 0
  m_OcclusionCulling: 1
  m_StereoConvergence: 10
  m_StereoSeparation: 0.022
--- !u!4 &1001560685
Transform:
  m_ObjectHideFlags: 0
  m_CorrespondingSourceObject: {fileID: 0}
  m_PrefabInstance: {fileID: 0}
  m_PrefabAsset: {fileID: 0}
  m_GameObject: {fileID: 1001560680}
  m_LocalRotation: {x: 0, y: 0, z: 0, w: 1}
  m_LocalPosition: {x: 0, y: 0, z: -15}
  m_LocalScale: {x: 1, y: 1, z: 1}
  m_Children: []
  m_Father: {fileID: 0}
  m_RootOrder: 0
  m_LocalEulerAnglesHint: {x: 0, y: 0, z: 0}
--- !u!1 &1017177726
GameObject:
  m_ObjectHideFlags: 0
  m_CorrespondingSourceObject: {fileID: 0}
  m_PrefabInstance: {fileID: 0}
  m_PrefabAsset: {fileID: 0}
  serializedVersion: 6
  m_Component:
  - component: {fileID: 1017177727}
  m_Layer: 0
  m_Name: PlaceHolder (2)
  m_TagString: Untagged
  m_Icon: {fileID: 0}
  m_NavMeshLayer: 0
  m_StaticEditorFlags: 0
  m_IsActive: 1
--- !u!4 &1017177727
Transform:
  m_ObjectHideFlags: 0
  m_CorrespondingSourceObject: {fileID: 0}
  m_PrefabInstance: {fileID: 0}
  m_PrefabAsset: {fileID: 0}
  m_GameObject: {fileID: 1017177726}
  m_LocalRotation: {x: 0, y: 0, z: 0, w: 1}
  m_LocalPosition: {x: 0, y: 0, z: 0}
  m_LocalScale: {x: 1, y: 1, z: 1}
  m_Children: []
  m_Father: {fileID: 1844256754}
  m_RootOrder: 2
  m_LocalEulerAnglesHint: {x: 0, y: 0, z: 0}
--- !u!1 &1030566436
GameObject:
  m_ObjectHideFlags: 0
  m_CorrespondingSourceObject: {fileID: 0}
  m_PrefabInstance: {fileID: 0}
  m_PrefabAsset: {fileID: 0}
  serializedVersion: 6
  m_Component:
  - component: {fileID: 1030566437}
  m_Layer: 0
  m_Name: PlaceHolder
  m_TagString: Untagged
  m_Icon: {fileID: 0}
  m_NavMeshLayer: 0
  m_StaticEditorFlags: 0
  m_IsActive: 1
--- !u!4 &1030566437
Transform:
  m_ObjectHideFlags: 0
  m_CorrespondingSourceObject: {fileID: 0}
  m_PrefabInstance: {fileID: 0}
  m_PrefabAsset: {fileID: 0}
  m_GameObject: {fileID: 1030566436}
  m_LocalRotation: {x: 0, y: 0, z: 0, w: 1}
  m_LocalPosition: {x: 0, y: 0, z: 0}
  m_LocalScale: {x: 1, y: 1, z: 1}
  m_Children: []
  m_Father: {fileID: 1844256754}
  m_RootOrder: 0
  m_LocalEulerAnglesHint: {x: 0, y: 0, z: 0}
--- !u!1 &1046086114
GameObject:
  m_ObjectHideFlags: 0
  m_CorrespondingSourceObject: {fileID: 0}
  m_PrefabInstance: {fileID: 0}
  m_PrefabAsset: {fileID: 0}
  serializedVersion: 6
  m_Component:
  - component: {fileID: 1046086115}
  - component: {fileID: 1046086118}
  - component: {fileID: 1046086117}
  - component: {fileID: 1046086116}
  m_Layer: 0
  m_Name: Cube
  m_TagString: Untagged
  m_Icon: {fileID: 0}
  m_NavMeshLayer: 0
  m_StaticEditorFlags: 0
  m_IsActive: 1
--- !u!4 &1046086115
Transform:
  m_ObjectHideFlags: 0
  m_CorrespondingSourceObject: {fileID: 0}
  m_PrefabInstance: {fileID: 0}
  m_PrefabAsset: {fileID: 0}
  m_GameObject: {fileID: 1046086114}
  m_LocalRotation: {x: -0, y: -0, z: -0, w: 1}
  m_LocalPosition: {x: 0, y: -1.0349492, z: 0}
  m_LocalScale: {x: 4.584212, y: 1.4658887, z: 1}
  m_Children: []
  m_Father: {fileID: 1484105185}
  m_RootOrder: 0
  m_LocalEulerAnglesHint: {x: 0, y: 0, z: 0}
--- !u!65 &1046086116
BoxCollider:
  m_ObjectHideFlags: 0
  m_CorrespondingSourceObject: {fileID: 0}
  m_PrefabInstance: {fileID: 0}
  m_PrefabAsset: {fileID: 0}
  m_GameObject: {fileID: 1046086114}
  m_Material: {fileID: 0}
  m_IsTrigger: 0
  m_Enabled: 1
  serializedVersion: 2
  m_Size: {x: 1, y: 1, z: 1}
  m_Center: {x: 0, y: 0, z: 0}
--- !u!23 &1046086117
MeshRenderer:
  m_ObjectHideFlags: 0
  m_CorrespondingSourceObject: {fileID: 0}
  m_PrefabInstance: {fileID: 0}
  m_PrefabAsset: {fileID: 0}
  m_GameObject: {fileID: 1046086114}
  m_Enabled: 1
  m_CastShadows: 1
  m_ReceiveShadows: 1
  m_DynamicOccludee: 1
  m_MotionVectors: 1
  m_LightProbeUsage: 1
  m_ReflectionProbeUsage: 1
  m_RayTracingMode: 2
  m_RayTraceProcedural: 0
  m_RenderingLayerMask: 1
  m_RendererPriority: 0
  m_Materials:
  - {fileID: 2100000, guid: 73c176f402d2c2f4d929aa5da7585d17, type: 2}
  m_StaticBatchInfo:
    firstSubMesh: 0
    subMeshCount: 0
  m_StaticBatchRoot: {fileID: 0}
  m_ProbeAnchor: {fileID: 0}
  m_LightProbeVolumeOverride: {fileID: 0}
  m_ScaleInLightmap: 1
  m_ReceiveGI: 1
  m_PreserveUVs: 0
  m_IgnoreNormalsForChartDetection: 0
  m_ImportantGI: 0
  m_StitchLightmapSeams: 1
  m_SelectedEditorRenderState: 3
  m_MinimumChartSize: 4
  m_AutoUVMaxDistance: 0.5
  m_AutoUVMaxAngle: 89
  m_LightmapParameters: {fileID: 0}
  m_SortingLayerID: 0
  m_SortingLayer: 0
  m_SortingOrder: 0
  m_AdditionalVertexStreams: {fileID: 0}
--- !u!33 &1046086118
MeshFilter:
  m_ObjectHideFlags: 0
  m_CorrespondingSourceObject: {fileID: 0}
  m_PrefabInstance: {fileID: 0}
  m_PrefabAsset: {fileID: 0}
  m_GameObject: {fileID: 1046086114}
  m_Mesh: {fileID: 10202, guid: 0000000000000000e000000000000000, type: 0}
--- !u!1001 &1278277367
PrefabInstance:
  m_ObjectHideFlags: 0
  serializedVersion: 2
  m_Modification:
    m_TransformParent: {fileID: 0}
    m_Modifications:
    - target: {fileID: 8532669557058570374, guid: 3e622c5873cd3a94aaa4c1cfb60c666c, type: 3}
      propertyPath: m_LocalPosition.x
      value: -1.4625711
      objectReference: {fileID: 0}
    - target: {fileID: 8532669557058570374, guid: 3e622c5873cd3a94aaa4c1cfb60c666c, type: 3}
      propertyPath: m_LocalPosition.y
      value: 0.3892784
      objectReference: {fileID: 0}
    - target: {fileID: 8532669557058570374, guid: 3e622c5873cd3a94aaa4c1cfb60c666c, type: 3}
      propertyPath: m_LocalPosition.z
      value: 0.1
      objectReference: {fileID: 0}
    - target: {fileID: 8532669557058570374, guid: 3e622c5873cd3a94aaa4c1cfb60c666c, type: 3}
      propertyPath: m_LocalRotation.x
      value: 0
      objectReference: {fileID: 0}
    - target: {fileID: 8532669557058570374, guid: 3e622c5873cd3a94aaa4c1cfb60c666c, type: 3}
      propertyPath: m_LocalRotation.y
      value: 0
      objectReference: {fileID: 0}
    - target: {fileID: 8532669557058570374, guid: 3e622c5873cd3a94aaa4c1cfb60c666c, type: 3}
      propertyPath: m_LocalRotation.z
      value: 0
      objectReference: {fileID: 0}
    - target: {fileID: 8532669557058570374, guid: 3e622c5873cd3a94aaa4c1cfb60c666c, type: 3}
      propertyPath: m_LocalRotation.w
      value: 1
      objectReference: {fileID: 0}
    - target: {fileID: 8532669557058570374, guid: 3e622c5873cd3a94aaa4c1cfb60c666c, type: 3}
      propertyPath: m_RootOrder
      value: 6
      objectReference: {fileID: 0}
    - target: {fileID: 8532669557058570374, guid: 3e622c5873cd3a94aaa4c1cfb60c666c, type: 3}
      propertyPath: m_LocalEulerAnglesHint.x
      value: 0
      objectReference: {fileID: 0}
    - target: {fileID: 8532669557058570374, guid: 3e622c5873cd3a94aaa4c1cfb60c666c, type: 3}
      propertyPath: m_LocalEulerAnglesHint.y
      value: 0
      objectReference: {fileID: 0}
    - target: {fileID: 8532669557058570374, guid: 3e622c5873cd3a94aaa4c1cfb60c666c, type: 3}
      propertyPath: m_LocalEulerAnglesHint.z
      value: 0
      objectReference: {fileID: 0}
    - target: {fileID: 8532669557058570374, guid: 3e622c5873cd3a94aaa4c1cfb60c666c, type: 3}
      propertyPath: m_LocalScale.x
      value: 0.6
      objectReference: {fileID: 0}
    - target: {fileID: 8532669557058570374, guid: 3e622c5873cd3a94aaa4c1cfb60c666c, type: 3}
      propertyPath: m_LocalScale.y
      value: 0.6
      objectReference: {fileID: 0}
    - target: {fileID: 8532669557058570374, guid: 3e622c5873cd3a94aaa4c1cfb60c666c, type: 3}
      propertyPath: m_LocalScale.z
      value: 1.6
      objectReference: {fileID: 0}
    - target: {fileID: 8532669557058570375, guid: 3e622c5873cd3a94aaa4c1cfb60c666c, type: 3}
      propertyPath: m_Name
      value: Board
      objectReference: {fileID: 0}
    - target: {fileID: 8764367868495293623, guid: 3e622c5873cd3a94aaa4c1cfb60c666c, type: 3}
      propertyPath: m_Enabled
      value: 0
      objectReference: {fileID: 0}
    - target: {fileID: 8764367868505479501, guid: 3e622c5873cd3a94aaa4c1cfb60c666c, type: 3}
      propertyPath: m_Enabled
      value: 0
      objectReference: {fileID: 0}
    - target: {fileID: 8764367868574655330, guid: 3e622c5873cd3a94aaa4c1cfb60c666c, type: 3}
      propertyPath: m_Enabled
      value: 0
      objectReference: {fileID: 0}
    - target: {fileID: 8764367868605095269, guid: 3e622c5873cd3a94aaa4c1cfb60c666c, type: 3}
      propertyPath: m_Enabled
      value: 0
      objectReference: {fileID: 0}
    - target: {fileID: 8764367868958939114, guid: 3e622c5873cd3a94aaa4c1cfb60c666c, type: 3}
      propertyPath: m_Enabled
      value: 0
      objectReference: {fileID: 0}
    - target: {fileID: 8764367868978652307, guid: 3e622c5873cd3a94aaa4c1cfb60c666c, type: 3}
      propertyPath: m_Size.x
      value: 1.5
      objectReference: {fileID: 0}
    - target: {fileID: 8764367868978652307, guid: 3e622c5873cd3a94aaa4c1cfb60c666c, type: 3}
      propertyPath: m_Size.y
      value: 1.5
      objectReference: {fileID: 0}
    - target: {fileID: 8764367868978652307, guid: 3e622c5873cd3a94aaa4c1cfb60c666c, type: 3}
      propertyPath: m_Size.z
      value: 0.85
      objectReference: {fileID: 0}
    - target: {fileID: 8764367869053759474, guid: 3e622c5873cd3a94aaa4c1cfb60c666c, type: 3}
      propertyPath: m_Enabled
      value: 0
      objectReference: {fileID: 0}
    - target: {fileID: 8764367869273242485, guid: 3e622c5873cd3a94aaa4c1cfb60c666c, type: 3}
      propertyPath: m_Enabled
      value: 0
      objectReference: {fileID: 0}
    - target: {fileID: 8764367869659766821, guid: 3e622c5873cd3a94aaa4c1cfb60c666c, type: 3}
      propertyPath: m_Size.x
      value: 1.5
      objectReference: {fileID: 0}
    - target: {fileID: 8764367869659766821, guid: 3e622c5873cd3a94aaa4c1cfb60c666c, type: 3}
      propertyPath: m_Size.y
      value: 1.5
      objectReference: {fileID: 0}
    - target: {fileID: 8764367869659766821, guid: 3e622c5873cd3a94aaa4c1cfb60c666c, type: 3}
      propertyPath: m_Size.z
      value: 0.85
      objectReference: {fileID: 0}
    - target: {fileID: 8764367869692239394, guid: 3e622c5873cd3a94aaa4c1cfb60c666c, type: 3}
      propertyPath: m_Size.x
      value: 1.5
      objectReference: {fileID: 0}
    - target: {fileID: 8764367869692239394, guid: 3e622c5873cd3a94aaa4c1cfb60c666c, type: 3}
      propertyPath: m_Size.y
      value: 1.5
      objectReference: {fileID: 0}
    - target: {fileID: 8764367869692239394, guid: 3e622c5873cd3a94aaa4c1cfb60c666c, type: 3}
      propertyPath: m_Size.z
      value: 0.85
      objectReference: {fileID: 0}
    - target: {fileID: 8764367869692239406, guid: 3e622c5873cd3a94aaa4c1cfb60c666c, type: 3}
      propertyPath: m_Name
      value: Slot2
      objectReference: {fileID: 0}
    - target: {fileID: 8764367869734900215, guid: 3e622c5873cd3a94aaa4c1cfb60c666c, type: 3}
      propertyPath: m_Size.x
      value: 1.5
      objectReference: {fileID: 0}
    - target: {fileID: 8764367869734900215, guid: 3e622c5873cd3a94aaa4c1cfb60c666c, type: 3}
      propertyPath: m_Size.y
      value: 1.5
      objectReference: {fileID: 0}
    - target: {fileID: 8764367869734900215, guid: 3e622c5873cd3a94aaa4c1cfb60c666c, type: 3}
      propertyPath: m_Size.z
      value: 0.85
      objectReference: {fileID: 0}
    - target: {fileID: 8764367869761479681, guid: 3e622c5873cd3a94aaa4c1cfb60c666c, type: 3}
      propertyPath: m_Name
      value: Slot3
      objectReference: {fileID: 0}
    - target: {fileID: 8764367869761479693, guid: 3e622c5873cd3a94aaa4c1cfb60c666c, type: 3}
      propertyPath: m_Size.x
      value: 1.5
      objectReference: {fileID: 0}
    - target: {fileID: 8764367869761479693, guid: 3e622c5873cd3a94aaa4c1cfb60c666c, type: 3}
      propertyPath: m_Size.y
      value: 1.5
      objectReference: {fileID: 0}
    - target: {fileID: 8764367869761479693, guid: 3e622c5873cd3a94aaa4c1cfb60c666c, type: 3}
      propertyPath: m_Size.z
      value: 0.85
      objectReference: {fileID: 0}
    - target: {fileID: 8764367870030759477, guid: 3e622c5873cd3a94aaa4c1cfb60c666c, type: 3}
      propertyPath: m_Size.x
      value: 1.5
      objectReference: {fileID: 0}
    - target: {fileID: 8764367870030759477, guid: 3e622c5873cd3a94aaa4c1cfb60c666c, type: 3}
      propertyPath: m_Size.y
      value: 1.5
      objectReference: {fileID: 0}
    - target: {fileID: 8764367870030759477, guid: 3e622c5873cd3a94aaa4c1cfb60c666c, type: 3}
      propertyPath: m_Size.z
      value: 0.85
      objectReference: {fileID: 0}
    - target: {fileID: 8764367870030759481, guid: 3e622c5873cd3a94aaa4c1cfb60c666c, type: 3}
      propertyPath: m_Name
      value: Slot1
      objectReference: {fileID: 0}
    - target: {fileID: 8764367870284845746, guid: 3e622c5873cd3a94aaa4c1cfb60c666c, type: 3}
      propertyPath: m_Size.x
      value: 1.5
      objectReference: {fileID: 0}
    - target: {fileID: 8764367870284845746, guid: 3e622c5873cd3a94aaa4c1cfb60c666c, type: 3}
      propertyPath: m_Size.y
      value: 1.5
      objectReference: {fileID: 0}
    - target: {fileID: 8764367870284845746, guid: 3e622c5873cd3a94aaa4c1cfb60c666c, type: 3}
      propertyPath: m_Size.z
      value: 0.85
      objectReference: {fileID: 0}
    - target: {fileID: 8764367870344964778, guid: 3e622c5873cd3a94aaa4c1cfb60c666c, type: 3}
      propertyPath: m_Size.x
      value: 1.5
      objectReference: {fileID: 0}
    - target: {fileID: 8764367870344964778, guid: 3e622c5873cd3a94aaa4c1cfb60c666c, type: 3}
      propertyPath: m_Size.y
      value: 1.5
      objectReference: {fileID: 0}
    - target: {fileID: 8764367870344964778, guid: 3e622c5873cd3a94aaa4c1cfb60c666c, type: 3}
      propertyPath: m_Size.z
      value: 0.85
      objectReference: {fileID: 0}
    - target: {fileID: 8764367870361000403, guid: 3e622c5873cd3a94aaa4c1cfb60c666c, type: 3}
      propertyPath: m_Enabled
      value: 0
      objectReference: {fileID: 0}
    m_RemovedComponents:
    - {fileID: 8764367869273242485, guid: 3e622c5873cd3a94aaa4c1cfb60c666c, type: 3}
    - {fileID: 8764367868574655330, guid: 3e622c5873cd3a94aaa4c1cfb60c666c, type: 3}
    - {fileID: 8764367870361000403, guid: 3e622c5873cd3a94aaa4c1cfb60c666c, type: 3}
    - {fileID: 8764367868605095269, guid: 3e622c5873cd3a94aaa4c1cfb60c666c, type: 3}
    - {fileID: 8764367869053759474, guid: 3e622c5873cd3a94aaa4c1cfb60c666c, type: 3}
    - {fileID: 8764367868505479501, guid: 3e622c5873cd3a94aaa4c1cfb60c666c, type: 3}
    - {fileID: 8764367868958939114, guid: 3e622c5873cd3a94aaa4c1cfb60c666c, type: 3}
  m_SourcePrefab: {fileID: 100100000, guid: 3e622c5873cd3a94aaa4c1cfb60c666c, type: 3}
--- !u!1 &1291537511
GameObject:
  m_ObjectHideFlags: 0
  m_CorrespondingSourceObject: {fileID: 0}
  m_PrefabInstance: {fileID: 0}
  m_PrefabAsset: {fileID: 0}
  serializedVersion: 6
  m_Component:
  - component: {fileID: 1291537512}
  m_Layer: 0
  m_Name: PlaceHolder (1)
  m_TagString: Untagged
  m_Icon: {fileID: 0}
  m_NavMeshLayer: 0
  m_StaticEditorFlags: 0
  m_IsActive: 1
--- !u!4 &1291537512
Transform:
  m_ObjectHideFlags: 0
  m_CorrespondingSourceObject: {fileID: 0}
  m_PrefabInstance: {fileID: 0}
  m_PrefabAsset: {fileID: 0}
  m_GameObject: {fileID: 1291537511}
  m_LocalRotation: {x: 0, y: 0, z: 0, w: 1}
  m_LocalPosition: {x: 0, y: 0, z: 0}
  m_LocalScale: {x: 1, y: 1, z: 1}
  m_Children: []
  m_Father: {fileID: 1844256754}
  m_RootOrder: 1
  m_LocalEulerAnglesHint: {x: 0, y: 0, z: 0}
--- !u!1001 &1295353630
PrefabInstance:
  m_ObjectHideFlags: 0
  serializedVersion: 2
  m_Modification:
    m_TransformParent: {fileID: 0}
    m_Modifications:
    - target: {fileID: 599590224473398402, guid: e96572a628972dd498f4c99bb0892670, type: 3}
      propertyPath: m_LocalPosition.x
      value: 0
      objectReference: {fileID: 0}
    - target: {fileID: 599590224473398402, guid: e96572a628972dd498f4c99bb0892670, type: 3}
      propertyPath: m_LocalPosition.y
      value: 0
      objectReference: {fileID: 0}
    - target: {fileID: 599590224473398402, guid: e96572a628972dd498f4c99bb0892670, type: 3}
      propertyPath: m_LocalPosition.z
      value: 0
      objectReference: {fileID: 0}
    - target: {fileID: 599590224473398402, guid: e96572a628972dd498f4c99bb0892670, type: 3}
      propertyPath: m_LocalRotation.x
      value: 0
      objectReference: {fileID: 0}
    - target: {fileID: 599590224473398402, guid: e96572a628972dd498f4c99bb0892670, type: 3}
      propertyPath: m_LocalRotation.y
      value: 0
      objectReference: {fileID: 0}
    - target: {fileID: 599590224473398402, guid: e96572a628972dd498f4c99bb0892670, type: 3}
      propertyPath: m_LocalRotation.z
      value: 0
      objectReference: {fileID: 0}
    - target: {fileID: 599590224473398402, guid: e96572a628972dd498f4c99bb0892670, type: 3}
      propertyPath: m_LocalRotation.w
      value: 1
      objectReference: {fileID: 0}
    - target: {fileID: 599590224473398402, guid: e96572a628972dd498f4c99bb0892670, type: 3}
      propertyPath: m_RootOrder
      value: 3
      objectReference: {fileID: 0}
    - target: {fileID: 599590224473398402, guid: e96572a628972dd498f4c99bb0892670, type: 3}
      propertyPath: m_LocalEulerAnglesHint.x
      value: 0
      objectReference: {fileID: 0}
    - target: {fileID: 599590224473398402, guid: e96572a628972dd498f4c99bb0892670, type: 3}
      propertyPath: m_LocalEulerAnglesHint.y
      value: 0
      objectReference: {fileID: 0}
    - target: {fileID: 599590224473398402, guid: e96572a628972dd498f4c99bb0892670, type: 3}
      propertyPath: m_LocalEulerAnglesHint.z
      value: 0
      objectReference: {fileID: 0}
    - target: {fileID: 599590224473398403, guid: e96572a628972dd498f4c99bb0892670, type: 3}
      propertyPath: m_Name
      value: GameLogic
      objectReference: {fileID: 0}
    - target: {fileID: 599590224473398405, guid: e96572a628972dd498f4c99bb0892670, type: 3}
      propertyPath: ArtArsenal
      value: 
      objectReference: {fileID: 837512510}
    - target: {fileID: 599590224473398405, guid: e96572a628972dd498f4c99bb0892670, type: 3}
      propertyPath: Skills.Array.data[0]
      value: Anger
      objectReference: {fileID: 0}
    - target: {fileID: 599590224473398405, guid: e96572a628972dd498f4c99bb0892670, type: 3}
      propertyPath: Skills.Array.data[1]
      value: Sadness
      objectReference: {fileID: 0}
    - target: {fileID: 599590224473398405, guid: e96572a628972dd498f4c99bb0892670, type: 3}
      propertyPath: Skills.Array.data[2]
      value: Fear
      objectReference: {fileID: 0}
    - target: {fileID: 599590224473398405, guid: e96572a628972dd498f4c99bb0892670, type: 3}
      propertyPath: Skills.Array.data[3]
      value: Joy
      objectReference: {fileID: 0}
    - target: {fileID: 599590224473398405, guid: e96572a628972dd498f4c99bb0892670, type: 3}
      propertyPath: InventoryScript
      value: 
      objectReference: {fileID: 101598330}
    - target: {fileID: 599590224473398405, guid: e96572a628972dd498f4c99bb0892670, type: 3}
      propertyPath: DragDropLogic
      value: 
      objectReference: {fileID: 0}
    m_RemovedComponents: []
  m_SourcePrefab: {fileID: 100100000, guid: e96572a628972dd498f4c99bb0892670, type: 3}
--- !u!1001 &1315711704
PrefabInstance:
  m_ObjectHideFlags: 0
  serializedVersion: 2
  m_Modification:
    m_TransformParent: {fileID: 0}
    m_Modifications:
    - target: {fileID: 7861731087393324006, guid: 498a7d7df1fccd441ad69b562fc40c05, type: 3}
      propertyPath: m_LocalPosition.x
      value: -17.419998
      objectReference: {fileID: 0}
    - target: {fileID: 7861731087393324006, guid: 498a7d7df1fccd441ad69b562fc40c05, type: 3}
      propertyPath: m_LocalPosition.y
      value: 4.08
      objectReference: {fileID: 0}
    - target: {fileID: 7861731087393324006, guid: 498a7d7df1fccd441ad69b562fc40c05, type: 3}
      propertyPath: m_LocalPosition.z
      value: 0
      objectReference: {fileID: 0}
    - target: {fileID: 7861731087393324006, guid: 498a7d7df1fccd441ad69b562fc40c05, type: 3}
      propertyPath: m_LocalRotation.x
      value: 0
      objectReference: {fileID: 0}
    - target: {fileID: 7861731087393324006, guid: 498a7d7df1fccd441ad69b562fc40c05, type: 3}
      propertyPath: m_LocalRotation.y
      value: 0
      objectReference: {fileID: 0}
    - target: {fileID: 7861731087393324006, guid: 498a7d7df1fccd441ad69b562fc40c05, type: 3}
      propertyPath: m_LocalRotation.z
      value: 0.38268343
      objectReference: {fileID: 0}
    - target: {fileID: 7861731087393324006, guid: 498a7d7df1fccd441ad69b562fc40c05, type: 3}
      propertyPath: m_LocalRotation.w
      value: 0.92387956
      objectReference: {fileID: 0}
    - target: {fileID: 7861731087393324006, guid: 498a7d7df1fccd441ad69b562fc40c05, type: 3}
      propertyPath: m_RootOrder
      value: 5
      objectReference: {fileID: 0}
    - target: {fileID: 7861731087393324006, guid: 498a7d7df1fccd441ad69b562fc40c05, type: 3}
      propertyPath: m_LocalEulerAnglesHint.x
      value: 0
      objectReference: {fileID: 0}
    - target: {fileID: 7861731087393324006, guid: 498a7d7df1fccd441ad69b562fc40c05, type: 3}
      propertyPath: m_LocalEulerAnglesHint.y
      value: 0
      objectReference: {fileID: 0}
    - target: {fileID: 7861731087393324006, guid: 498a7d7df1fccd441ad69b562fc40c05, type: 3}
      propertyPath: m_LocalEulerAnglesHint.z
      value: 0
      objectReference: {fileID: 0}
    - target: {fileID: 7861731087393324006, guid: 498a7d7df1fccd441ad69b562fc40c05, type: 3}
      propertyPath: m_LocalScale.x
      value: 2
      objectReference: {fileID: 0}
    - target: {fileID: 7861731087393324006, guid: 498a7d7df1fccd441ad69b562fc40c05, type: 3}
      propertyPath: m_LocalScale.y
      value: 2
      objectReference: {fileID: 0}
    - target: {fileID: 7861731087393324006, guid: 498a7d7df1fccd441ad69b562fc40c05, type: 3}
      propertyPath: m_LocalScale.z
      value: 2
      objectReference: {fileID: 0}
    - target: {fileID: 7861731087393324011, guid: 498a7d7df1fccd441ad69b562fc40c05, type: 3}
      propertyPath: m_Name
      value: Card_Base
      objectReference: {fileID: 0}
    m_RemovedComponents: []
  m_SourcePrefab: {fileID: 100100000, guid: 498a7d7df1fccd441ad69b562fc40c05, type: 3}
--- !u!1 &1480095191 stripped
GameObject:
  m_CorrespondingSourceObject: {fileID: 8764367869734900219, guid: 3e622c5873cd3a94aaa4c1cfb60c666c, type: 3}
  m_PrefabInstance: {fileID: 1278277367}
  m_PrefabAsset: {fileID: 0}
--- !u!114 &1480095196
MonoBehaviour:
  m_ObjectHideFlags: 0
  m_CorrespondingSourceObject: {fileID: 0}
  m_PrefabInstance: {fileID: 0}
  m_PrefabAsset: {fileID: 0}
  m_GameObject: {fileID: 1480095191}
  m_Enabled: 1
  m_EditorHideFlags: 0
  m_Script: {fileID: 11500000, guid: 70bff7236f70cd84995916b3c76754db, type: 3}
  m_Name: 
  m_EditorClassIdentifier: 
  PlacedCard: {fileID: 0}
  hasPlacedCard: 0
  isAdjacentToTargetSlot: 0
  canReceiveSwappedCard: 0
  isSwaping: 0
  Type: 0
  allTiles: []
  adjacentTiles:
  - {fileID: 818560176}
--- !u!1 &1484105181
GameObject:
  m_ObjectHideFlags: 0
  m_CorrespondingSourceObject: {fileID: 0}
  m_PrefabInstance: {fileID: 0}
  m_PrefabAsset: {fileID: 0}
  serializedVersion: 6
  m_Component:
  - component: {fileID: 1484105185}
  - component: {fileID: 1484105184}
  - component: {fileID: 1484105183}
  - component: {fileID: 1484105182}
  m_Layer: 0
  m_Name: Cube (1)
  m_TagString: Untagged
  m_Icon: {fileID: 0}
  m_NavMeshLayer: 0
  m_StaticEditorFlags: 0
  m_IsActive: 1
--- !u!65 &1484105182
BoxCollider:
  m_ObjectHideFlags: 0
  m_CorrespondingSourceObject: {fileID: 0}
  m_PrefabInstance: {fileID: 0}
  m_PrefabAsset: {fileID: 0}
  m_GameObject: {fileID: 1484105181}
  m_Material: {fileID: 0}
  m_IsTrigger: 0
  m_Enabled: 1
  serializedVersion: 2
  m_Size: {x: 1, y: 1, z: 1}
  m_Center: {x: 0, y: 0, z: 0}
--- !u!23 &1484105183
MeshRenderer:
  m_ObjectHideFlags: 0
  m_CorrespondingSourceObject: {fileID: 0}
  m_PrefabInstance: {fileID: 0}
  m_PrefabAsset: {fileID: 0}
  m_GameObject: {fileID: 1484105181}
  m_Enabled: 1
  m_CastShadows: 1
  m_ReceiveShadows: 1
  m_DynamicOccludee: 1
  m_MotionVectors: 1
  m_LightProbeUsage: 1
  m_ReflectionProbeUsage: 1
  m_RayTracingMode: 2
  m_RayTraceProcedural: 0
  m_RenderingLayerMask: 1
  m_RendererPriority: 0
  m_Materials:
  - {fileID: 2100000, guid: 73c176f402d2c2f4d929aa5da7585d17, type: 2}
  m_StaticBatchInfo:
    firstSubMesh: 0
    subMeshCount: 0
  m_StaticBatchRoot: {fileID: 0}
  m_ProbeAnchor: {fileID: 0}
  m_LightProbeVolumeOverride: {fileID: 0}
  m_ScaleInLightmap: 1
  m_ReceiveGI: 1
  m_PreserveUVs: 0
  m_IgnoreNormalsForChartDetection: 0
  m_ImportantGI: 0
  m_StitchLightmapSeams: 1
  m_SelectedEditorRenderState: 3
  m_MinimumChartSize: 4
  m_AutoUVMaxDistance: 0.5
  m_AutoUVMaxAngle: 89
  m_LightmapParameters: {fileID: 0}
  m_SortingLayerID: 0
  m_SortingLayer: 0
  m_SortingOrder: 0
  m_AdditionalVertexStreams: {fileID: 0}
--- !u!33 &1484105184
MeshFilter:
  m_ObjectHideFlags: 0
  m_CorrespondingSourceObject: {fileID: 0}
  m_PrefabInstance: {fileID: 0}
  m_PrefabAsset: {fileID: 0}
  m_GameObject: {fileID: 1484105181}
  m_Mesh: {fileID: 10202, guid: 0000000000000000e000000000000000, type: 0}
--- !u!4 &1484105185
Transform:
  m_ObjectHideFlags: 0
  m_CorrespondingSourceObject: {fileID: 0}
  m_PrefabInstance: {fileID: 0}
  m_PrefabAsset: {fileID: 0}
  m_GameObject: {fileID: 1484105181}
  m_LocalRotation: {x: 0, y: 0, z: 0, w: 1}
  m_LocalPosition: {x: -10.76, y: -0.35, z: 0.22115634}
  m_LocalScale: {x: 0.66270936, y: 1.4976579, z: 1}
  m_Children:
  - {fileID: 1046086115}
  m_Father: {fileID: 0}
  m_RootOrder: 9
  m_LocalEulerAnglesHint: {x: 0, y: 0, z: 0}
--- !u!1 &1691028340
GameObject:
  m_ObjectHideFlags: 0
  m_CorrespondingSourceObject: {fileID: 0}
  m_PrefabInstance: {fileID: 0}
  m_PrefabAsset: {fileID: 0}
  serializedVersion: 6
  m_Component:
  - component: {fileID: 1691028343}
  - component: {fileID: 1691028342}
  - component: {fileID: 1691028341}
  m_Layer: 0
  m_Name: Directional Light
  m_TagString: Untagged
  m_Icon: {fileID: 0}
  m_NavMeshLayer: 0
  m_StaticEditorFlags: 0
  m_IsActive: 1
--- !u!114 &1691028341
MonoBehaviour:
  m_ObjectHideFlags: 0
  m_CorrespondingSourceObject: {fileID: 0}
  m_PrefabInstance: {fileID: 0}
  m_PrefabAsset: {fileID: 0}
  m_GameObject: {fileID: 1691028340}
  m_Enabled: 1
  m_EditorHideFlags: 0
  m_Script: {fileID: 11500000, guid: 7a68c43fe1f2a47cfa234b5eeaa98012, type: 3}
  m_Name: 
  m_EditorClassIdentifier: 
  m_Version: 11
  m_ObsoleteShadowResolutionTier: 1
  m_ObsoleteUseShadowQualitySettings: 0
  m_ObsoleteCustomShadowResolution: 512
  m_ObsoleteContactShadows: 0
  m_PointlightHDType: 0
  m_SpotLightShape: 0
  m_AreaLightShape: 0
  m_Intensity: 3.1415927
  m_EnableSpotReflector: 0
  m_LuxAtDistance: 1
  m_InnerSpotPercent: 0
  m_LightDimmer: 1
  m_VolumetricDimmer: 1
  m_LightUnit: 2
  m_FadeDistance: 10000
  m_AffectDiffuse: 1
  m_AffectSpecular: 1
  m_NonLightmappedOnly: 0
  m_ShapeWidth: 0.5
  m_ShapeHeight: 0.5
  m_AspectRatio: 1
  m_ShapeRadius: 0.025
  m_SoftnessScale: 1
  m_UseCustomSpotLightShadowCone: 0
  m_CustomSpotLightShadowCone: 30
  m_MaxSmoothness: 0.99
  m_ApplyRangeAttenuation: 1
  m_DisplayAreaLightEmissiveMesh: 0
  m_AreaLightCookie: {fileID: 0}
  m_AreaLightShadowCone: 120
  m_UseScreenSpaceShadows: 0
  m_InteractsWithSky: 1
  m_AngularDiameter: 0.5
  m_FlareSize: 2
  m_FlareTint: {r: 1, g: 1, b: 1, a: 1}
  m_FlareFalloff: 4
  m_SurfaceTexture: {fileID: 0}
  m_SurfaceTint: {r: 1, g: 1, b: 1, a: 1}
  m_Distance: 1.5e+11
  m_UseRayTracedShadows: 0
  m_NumRayTracingSamples: 4
  m_FilterTracedShadow: 1
  m_FilterSizeTraced: 16
  m_SunLightConeAngle: 0.5
  m_LightShadowRadius: 0.5
  m_SemiTransparentShadow: 0
  m_ColorShadow: 1
  m_EvsmExponent: 15
  m_EvsmLightLeakBias: 0
  m_EvsmVarianceBias: 0.00001
  m_EvsmBlurPasses: 0
  m_LightlayersMask: 1
  m_LinkShadowLayers: 1
  m_ShadowNearPlane: 0.1
  m_BlockerSampleCount: 24
  m_FilterSampleCount: 16
  m_MinFilterSize: 0.1
  m_KernelSize: 5
  m_LightAngle: 1
  m_MaxDepthBias: 0.001
  m_ShadowResolution:
    m_Override: 512
    m_UseOverride: 1
    m_Level: 0
  m_ShadowDimmer: 1
  m_VolumetricShadowDimmer: 1
  m_ShadowFadeDistance: 10000
  m_UseContactShadow:
    m_Override: 0
    m_UseOverride: 1
    m_Level: 0
  m_RayTracedContactShadow: 0
  m_ShadowTint: {r: 0, g: 0, b: 0, a: 1}
  m_PenumbraTint: 0
  m_NormalBias: 0.75
  m_SlopeBias: 0.5
  m_ShadowUpdateMode: 0
  m_BarnDoorAngle: 90
  m_BarnDoorLength: 0.05
  m_ShadowCascadeRatios:
  - 0.05
  - 0.2
  - 0.3
  m_ShadowCascadeBorders:
  - 0.2
  - 0.2
  - 0.2
  - 0.2
  m_ShadowAlgorithm: 0
  m_ShadowVariant: 0
  m_ShadowPrecision: 0
  useOldInspector: 0
  useVolumetric: 1
  featuresFoldout: 1
  showAdditionalSettings: 0
  m_AreaLightEmissiveMeshShadowCastingMode: 0
  m_AreaLightEmissiveMeshMotionVectorGenerationMode: 0
  m_AreaLightEmissiveMeshLayer: -1
--- !u!108 &1691028342
Light:
  m_ObjectHideFlags: 0
  m_CorrespondingSourceObject: {fileID: 0}
  m_PrefabInstance: {fileID: 0}
  m_PrefabAsset: {fileID: 0}
  m_GameObject: {fileID: 1691028340}
  m_Enabled: 1
  serializedVersion: 10
  m_Type: 1
  m_Shape: 0
  m_Color: {r: 1, g: 0.95686275, b: 0.8392157, a: 1}
  m_Intensity: 3.1415927
  m_Range: 10
  m_SpotAngle: 30
  m_InnerSpotAngle: 21.80208
  m_CookieSize: 10
  m_Shadows:
    m_Type: 2
    m_Resolution: -1
    m_CustomResolution: -1
    m_Strength: 1
    m_Bias: 0.05
    m_NormalBias: 0.4
    m_NearPlane: 0.2
    m_CullingMatrixOverride:
      e00: 1
      e01: 0
      e02: 0
      e03: 0
      e10: 0
      e11: 1
      e12: 0
      e13: 0
      e20: 0
      e21: 0
      e22: 1
      e23: 0
      e30: 0
      e31: 0
      e32: 0
      e33: 1
    m_UseCullingMatrixOverride: 0
  m_Cookie: {fileID: 0}
  m_DrawHalo: 0
  m_Flare: {fileID: 0}
  m_RenderMode: 0
  m_CullingMask:
    serializedVersion: 2
    m_Bits: 4294967295
  m_RenderingLayerMask: 1
  m_Lightmapping: 1
  m_LightShadowCasterMode: 2
  m_AreaSize: {x: 1, y: 1}
  m_BounceIntensity: 1
  m_ColorTemperature: 6570
  m_UseColorTemperature: 0
  m_BoundingSphereOverride: {x: 0, y: 0, z: 0, w: 0}
  m_UseBoundingSphereOverride: 0
  m_ShadowRadius: 0
  m_ShadowAngle: 0
--- !u!4 &1691028343
Transform:
  m_ObjectHideFlags: 0
  m_CorrespondingSourceObject: {fileID: 0}
  m_PrefabInstance: {fileID: 0}
  m_PrefabAsset: {fileID: 0}
  m_GameObject: {fileID: 1691028340}
  m_LocalRotation: {x: 0.40821788, y: -0.23456968, z: 0.10938163, w: 0.8754261}
  m_LocalPosition: {x: 0, y: 3, z: 0}
  m_LocalScale: {x: 1, y: 1, z: 1}
  m_Children: []
  m_Father: {fileID: 0}
  m_RootOrder: 1
  m_LocalEulerAnglesHint: {x: 50, y: -30, z: 0}
--- !u!4 &1844256754 stripped
Transform:
  m_CorrespondingSourceObject: {fileID: 8213966203878732348, guid: c4436cd8f7511d7478f3de5d3b7d229d, type: 3}
  m_PrefabInstance: {fileID: 8213966204607163854}
  m_PrefabAsset: {fileID: 0}
--- !u!1 &1847619958 stripped
GameObject:
  m_CorrespondingSourceObject: {fileID: 8764367870344964774, guid: 3e622c5873cd3a94aaa4c1cfb60c666c, type: 3}
  m_PrefabInstance: {fileID: 1278277367}
  m_PrefabAsset: {fileID: 0}
--- !u!114 &1847619963
MonoBehaviour:
  m_ObjectHideFlags: 0
  m_CorrespondingSourceObject: {fileID: 0}
  m_PrefabInstance: {fileID: 0}
  m_PrefabAsset: {fileID: 0}
  m_GameObject: {fileID: 1847619958}
  m_Enabled: 1
  m_EditorHideFlags: 0
  m_Script: {fileID: 11500000, guid: 70bff7236f70cd84995916b3c76754db, type: 3}
  m_Name: 
  m_EditorClassIdentifier: 
  PlacedCard: {fileID: 0}
  hasPlacedCard: 0
  isAdjacentToTargetSlot: 0
  canReceiveSwappedCard: 0
  isSwaping: 0
  Type: 0
  allTiles: []
  adjacentTiles:
  - {fileID: 192391875}
--- !u!1 &2054297794
GameObject:
  m_ObjectHideFlags: 0
  m_CorrespondingSourceObject: {fileID: 0}
  m_PrefabInstance: {fileID: 0}
  m_PrefabAsset: {fileID: 0}
  serializedVersion: 6
  m_Component:
  - component: {fileID: 2054297795}
  m_Layer: 0
  m_Name: PlaceHolder (3)
  m_TagString: Untagged
  m_Icon: {fileID: 0}
  m_NavMeshLayer: 0
  m_StaticEditorFlags: 0
  m_IsActive: 1
--- !u!4 &2054297795
Transform:
  m_ObjectHideFlags: 0
  m_CorrespondingSourceObject: {fileID: 0}
  m_PrefabInstance: {fileID: 0}
  m_PrefabAsset: {fileID: 0}
  m_GameObject: {fileID: 2054297794}
  m_LocalRotation: {x: 0, y: 0, z: 0, w: 1}
  m_LocalPosition: {x: 0, y: 0, z: 0}
  m_LocalScale: {x: 1, y: 1, z: 1}
  m_Children: []
  m_Father: {fileID: 1844256754}
  m_RootOrder: 3
  m_LocalEulerAnglesHint: {x: 0, y: 0, z: 0}
--- !u!1 &2133464130 stripped
GameObject:
  m_CorrespondingSourceObject: {fileID: 8764367870284845758, guid: 3e622c5873cd3a94aaa4c1cfb60c666c, type: 3}
  m_PrefabInstance: {fileID: 1278277367}
  m_PrefabAsset: {fileID: 0}
--- !u!114 &2133464135
MonoBehaviour:
  m_ObjectHideFlags: 0
  m_CorrespondingSourceObject: {fileID: 0}
  m_PrefabInstance: {fileID: 0}
  m_PrefabAsset: {fileID: 0}
  m_GameObject: {fileID: 2133464130}
  m_Enabled: 1
  m_EditorHideFlags: 0
  m_Script: {fileID: 11500000, guid: 70bff7236f70cd84995916b3c76754db, type: 3}
  m_Name: 
  m_EditorClassIdentifier: 
  PlacedCard: {fileID: 0}
  hasPlacedCard: 0
  isAdjacentToTargetSlot: 0
  canReceiveSwappedCard: 0
  isSwaping: 0
  Type: 0
  allTiles: []
  adjacentTiles:
  - {fileID: 818560176}
--- !u!1001 &8213966204607163854
PrefabInstance:
  m_ObjectHideFlags: 0
  serializedVersion: 2
  m_Modification:
    m_TransformParent: {fileID: 0}
    m_Modifications:
    - target: {fileID: 5320733612529418317, guid: c4436cd8f7511d7478f3de5d3b7d229d, type: 3}
      propertyPath: StartSlot
      value: 
      objectReference: {fileID: 1030566436}
    - target: {fileID: 5320733612529418317, guid: c4436cd8f7511d7478f3de5d3b7d229d, type: 3}
      propertyPath: TargetSlot
      value: 
      objectReference: {fileID: 1291537511}
    - target: {fileID: 5320733612529418317, guid: c4436cd8f7511d7478f3de5d3b7d229d, type: 3}
      propertyPath: CardToMove
      value: 
      objectReference: {fileID: 1017177726}
    - target: {fileID: 5320733612529418317, guid: c4436cd8f7511d7478f3de5d3b7d229d, type: 3}
      propertyPath: CardToSwop
      value: 
      objectReference: {fileID: 2054297794}
    - target: {fileID: 5320733612529418317, guid: c4436cd8f7511d7478f3de5d3b7d229d, type: 3}
      propertyPath: cardMoveSpeed
      value: 10
      objectReference: {fileID: 0}
    - target: {fileID: 5320733612529418317, guid: c4436cd8f7511d7478f3de5d3b7d229d, type: 3}
      propertyPath: cardSnapSpeed
      value: 5
      objectReference: {fileID: 0}
    - target: {fileID: 8213966203878732348, guid: c4436cd8f7511d7478f3de5d3b7d229d, type: 3}
      propertyPath: m_LocalPosition.x
      value: 0
      objectReference: {fileID: 0}
    - target: {fileID: 8213966203878732348, guid: c4436cd8f7511d7478f3de5d3b7d229d, type: 3}
      propertyPath: m_LocalPosition.y
      value: 0
      objectReference: {fileID: 0}
    - target: {fileID: 8213966203878732348, guid: c4436cd8f7511d7478f3de5d3b7d229d, type: 3}
      propertyPath: m_LocalPosition.z
      value: 0
      objectReference: {fileID: 0}
    - target: {fileID: 8213966203878732348, guid: c4436cd8f7511d7478f3de5d3b7d229d, type: 3}
      propertyPath: m_LocalRotation.x
      value: 0
      objectReference: {fileID: 0}
    - target: {fileID: 8213966203878732348, guid: c4436cd8f7511d7478f3de5d3b7d229d, type: 3}
      propertyPath: m_LocalRotation.y
      value: 0
      objectReference: {fileID: 0}
    - target: {fileID: 8213966203878732348, guid: c4436cd8f7511d7478f3de5d3b7d229d, type: 3}
      propertyPath: m_LocalRotation.z
      value: 0
      objectReference: {fileID: 0}
    - target: {fileID: 8213966203878732348, guid: c4436cd8f7511d7478f3de5d3b7d229d, type: 3}
      propertyPath: m_LocalRotation.w
      value: 1
      objectReference: {fileID: 0}
    - target: {fileID: 8213966203878732348, guid: c4436cd8f7511d7478f3de5d3b7d229d, type: 3}
      propertyPath: m_RootOrder
      value: 2
      objectReference: {fileID: 0}
    - target: {fileID: 8213966203878732348, guid: c4436cd8f7511d7478f3de5d3b7d229d, type: 3}
      propertyPath: m_LocalEulerAnglesHint.x
      value: 0
      objectReference: {fileID: 0}
    - target: {fileID: 8213966203878732348, guid: c4436cd8f7511d7478f3de5d3b7d229d, type: 3}
      propertyPath: m_LocalEulerAnglesHint.y
      value: 0
      objectReference: {fileID: 0}
    - target: {fileID: 8213966203878732348, guid: c4436cd8f7511d7478f3de5d3b7d229d, type: 3}
      propertyPath: m_LocalEulerAnglesHint.z
      value: 0
      objectReference: {fileID: 0}
    - target: {fileID: 8213966203878732351, guid: c4436cd8f7511d7478f3de5d3b7d229d, type: 3}
      propertyPath: m_Name
      value: PointAndClickLogic
      objectReference: {fileID: 0}
    m_RemovedComponents: []
  m_SourcePrefab: {fileID: 100100000, guid: c4436cd8f7511d7478f3de5d3b7d229d, type: 3}
