%YAML 1.1
%TAG !u! tag:unity3d.com,2011:
--- !u!29 &1
OcclusionCullingSettings:
  m_ObjectHideFlags: 0
  serializedVersion: 2
  m_OcclusionBakeSettings:
    smallestOccluder: 5
    smallestHole: 0.25
    backfaceThreshold: 100
  m_SceneGUID: 00000000000000000000000000000000
  m_OcclusionCullingData: {fileID: 0}
--- !u!104 &2
RenderSettings:
  m_ObjectHideFlags: 0
  serializedVersion: 9
  m_Fog: 0
  m_FogColor: {r: 0.5, g: 0.5, b: 0.5, a: 1}
  m_FogMode: 3
  m_FogDensity: 0.01
  m_LinearFogStart: 0
  m_LinearFogEnd: 300
  m_AmbientSkyColor: {r: 0.212, g: 0.227, b: 0.259, a: 1}
  m_AmbientEquatorColor: {r: 0.114, g: 0.125, b: 0.133, a: 1}
  m_AmbientGroundColor: {r: 0.047, g: 0.043, b: 0.035, a: 1}
  m_AmbientIntensity: 1
  m_AmbientMode: 0
  m_SubtractiveShadowColor: {r: 0.42, g: 0.478, b: 0.627, a: 1}
  m_SkyboxMaterial: {fileID: 0}
  m_HaloStrength: 0.5
  m_FlareStrength: 1
  m_FlareFadeSpeed: 3
  m_HaloTexture: {fileID: 0}
  m_SpotCookie: {fileID: 10001, guid: 0000000000000000e000000000000000, type: 0}
  m_DefaultReflectionMode: 0
  m_DefaultReflectionResolution: 128
  m_ReflectionBounces: 1
  m_ReflectionIntensity: 1
  m_CustomReflection: {fileID: 0}
  m_Sun: {fileID: 705507994}
  m_IndirectSpecularColor: {r: 0, g: 0, b: 0, a: 1}
  m_UseRadianceAmbientProbe: 0
--- !u!157 &3
LightmapSettings:
  m_ObjectHideFlags: 0
  serializedVersion: 12
  m_GIWorkflowMode: 1
  m_GISettings:
    serializedVersion: 2
    m_BounceScale: 1
    m_IndirectOutputScale: 1
    m_AlbedoBoost: 1
    m_EnvironmentLightingMode: 0
    m_EnableBakedLightmaps: 1
    m_EnableRealtimeLightmaps: 0
  m_LightmapEditorSettings:
    serializedVersion: 12
    m_Resolution: 2
    m_BakeResolution: 40
    m_AtlasSize: 1024
    m_AO: 0
    m_AOMaxDistance: 1
    m_CompAOExponent: 1
    m_CompAOExponentDirect: 0
    m_ExtractAmbientOcclusion: 0
    m_Padding: 2
    m_LightmapParameters: {fileID: 0}
    m_LightmapsBakeMode: 1
    m_TextureCompression: 1
    m_FinalGather: 0
    m_FinalGatherFiltering: 1
    m_FinalGatherRayCount: 256
    m_ReflectionCompression: 2
    m_MixedBakeMode: 2
    m_BakeBackend: 1
    m_PVRSampling: 1
    m_PVRDirectSampleCount: 32
    m_PVRSampleCount: 500
    m_PVRBounces: 2
    m_PVREnvironmentSampleCount: 500
    m_PVREnvironmentReferencePointCount: 2048
    m_PVRFilteringMode: 2
    m_PVRDenoiserTypeDirect: 0
    m_PVRDenoiserTypeIndirect: 0
    m_PVRDenoiserTypeAO: 0
    m_PVRFilterTypeDirect: 0
    m_PVRFilterTypeIndirect: 0
    m_PVRFilterTypeAO: 0
    m_PVREnvironmentMIS: 0
    m_PVRCulling: 1
    m_PVRFilteringGaussRadiusDirect: 1
    m_PVRFilteringGaussRadiusIndirect: 5
    m_PVRFilteringGaussRadiusAO: 2
    m_PVRFilteringAtrousPositionSigmaDirect: 0.5
    m_PVRFilteringAtrousPositionSigmaIndirect: 2
    m_PVRFilteringAtrousPositionSigmaAO: 1
    m_ExportTrainingData: 0
    m_TrainingDataDestination: TrainingData
    m_LightProbeSampleCountMultiplier: 4
  m_LightingDataAsset: {fileID: 0}
  m_LightingSettings: {fileID: 4890085278179872738, guid: e6f5f6cac9e547c46a139bdba673ae87, type: 2}
--- !u!196 &4
NavMeshSettings:
  serializedVersion: 2
  m_ObjectHideFlags: 0
  m_BuildSettings:
    serializedVersion: 2
    agentTypeID: 0
    agentRadius: 0.5
    agentHeight: 2
    agentSlope: 45
    agentClimb: 0.4
    ledgeDropHeight: 0
    maxJumpAcrossDistance: 0
    minRegionArea: 2
    manualCellSize: 0
    cellSize: 0.16666667
    manualTileSize: 0
    tileSize: 256
    accuratePlacement: 0
    maxJobWorkers: 0
    preserveTilesOutsideBounds: 0
    debug:
      m_Flags: 0
  m_NavMeshData: {fileID: 0}
--- !u!1001 &267546927
PrefabInstance:
  m_ObjectHideFlags: 0
  serializedVersion: 2
  m_Modification:
    m_TransformParent: {fileID: 0}
    m_Modifications:
    - target: {fileID: 8402800704703009134, guid: 6c42ac03ad524fc4894ab49cb9a478b3, type: 3}
      propertyPath: m_LocalPosition.x
      value: -9.110779
      objectReference: {fileID: 0}
    - target: {fileID: 8402800704703009134, guid: 6c42ac03ad524fc4894ab49cb9a478b3, type: 3}
      propertyPath: m_LocalPosition.y
      value: 8.471063
      objectReference: {fileID: 0}
    - target: {fileID: 8402800704703009134, guid: 6c42ac03ad524fc4894ab49cb9a478b3, type: 3}
      propertyPath: m_LocalPosition.z
      value: -10.269787
      objectReference: {fileID: 0}
    - target: {fileID: 8402800704703009134, guid: 6c42ac03ad524fc4894ab49cb9a478b3, type: 3}
      propertyPath: m_LocalRotation.x
      value: 0
      objectReference: {fileID: 0}
    - target: {fileID: 8402800704703009134, guid: 6c42ac03ad524fc4894ab49cb9a478b3, type: 3}
      propertyPath: m_LocalRotation.y
      value: 0
      objectReference: {fileID: 0}
    - target: {fileID: 8402800704703009134, guid: 6c42ac03ad524fc4894ab49cb9a478b3, type: 3}
      propertyPath: m_LocalRotation.z
      value: 0
      objectReference: {fileID: 0}
    - target: {fileID: 8402800704703009134, guid: 6c42ac03ad524fc4894ab49cb9a478b3, type: 3}
      propertyPath: m_LocalRotation.w
      value: 1
      objectReference: {fileID: 0}
    - target: {fileID: 8402800704703009134, guid: 6c42ac03ad524fc4894ab49cb9a478b3, type: 3}
      propertyPath: m_RootOrder
      value: 2
      objectReference: {fileID: 0}
    - target: {fileID: 8402800704703009134, guid: 6c42ac03ad524fc4894ab49cb9a478b3, type: 3}
      propertyPath: m_LocalEulerAnglesHint.x
      value: 0
      objectReference: {fileID: 0}
    - target: {fileID: 8402800704703009134, guid: 6c42ac03ad524fc4894ab49cb9a478b3, type: 3}
      propertyPath: m_LocalEulerAnglesHint.y
      value: 0
      objectReference: {fileID: 0}
    - target: {fileID: 8402800704703009134, guid: 6c42ac03ad524fc4894ab49cb9a478b3, type: 3}
      propertyPath: m_LocalEulerAnglesHint.z
      value: 0
      objectReference: {fileID: 0}
    - target: {fileID: 8402800704703009136, guid: 6c42ac03ad524fc4894ab49cb9a478b3, type: 3}
      propertyPath: m_Name
      value: DragAndDropLogic
      objectReference: {fileID: 0}
    - target: {fileID: 8402800704703009137, guid: 6c42ac03ad524fc4894ab49cb9a478b3, type: 3}
      propertyPath: IgnoreMe.m_Bits
      value: 256
      objectReference: {fileID: 0}
    - target: {fileID: 8402800704703009137, guid: 6c42ac03ad524fc4894ab49cb9a478b3, type: 3}
      propertyPath: OnlySee.m_Bits
      value: 256
      objectReference: {fileID: 0}
    - target: {fileID: 8402800704703009137, guid: 6c42ac03ad524fc4894ab49cb9a478b3, type: 3}
      propertyPath: SelectedCard
      value: 
      objectReference: {fileID: 0}
    m_RemovedComponents: []
  m_SourcePrefab: {fileID: 100100000, guid: 6c42ac03ad524fc4894ab49cb9a478b3, type: 3}
--- !u!1 &705507993
GameObject:
  m_ObjectHideFlags: 0
  m_CorrespondingSourceObject: {fileID: 0}
  m_PrefabInstance: {fileID: 0}
  m_PrefabAsset: {fileID: 0}
  serializedVersion: 6
  m_Component:
  - component: {fileID: 705507995}
  - component: {fileID: 705507994}
  m_Layer: 0
  m_Name: Directional Light
  m_TagString: Untagged
  m_Icon: {fileID: 0}
  m_NavMeshLayer: 0
  m_StaticEditorFlags: 0
  m_IsActive: 1
--- !u!108 &705507994
Light:
  m_ObjectHideFlags: 0
  m_CorrespondingSourceObject: {fileID: 0}
  m_PrefabInstance: {fileID: 0}
  m_PrefabAsset: {fileID: 0}
  m_GameObject: {fileID: 705507993}
  m_Enabled: 1
  serializedVersion: 10
  m_Type: 1
  m_Shape: 0
  m_Color: {r: 1, g: 0.95686275, b: 0.8392157, a: 1}
  m_Intensity: 3.1415927
  m_Range: 10
  m_SpotAngle: 30
  m_InnerSpotAngle: 21.80208
  m_CookieSize: 10
  m_Shadows:
    m_Type: 2
    m_Resolution: -1
    m_CustomResolution: -1
    m_Strength: 1
    m_Bias: 0.05
    m_NormalBias: 0.4
    m_NearPlane: 0.2
    m_CullingMatrixOverride:
      e00: 1
      e01: 0
      e02: 0
      e03: 0
      e10: 0
      e11: 1
      e12: 0
      e13: 0
      e20: 0
      e21: 0
      e22: 1
      e23: 0
      e30: 0
      e31: 0
      e32: 0
      e33: 1
    m_UseCullingMatrixOverride: 0
  m_Cookie: {fileID: 0}
  m_DrawHalo: 0
  m_Flare: {fileID: 0}
  m_RenderMode: 0
  m_CullingMask:
    serializedVersion: 2
    m_Bits: 4294967295
  m_RenderingLayerMask: 1
  m_Lightmapping: 1
  m_LightShadowCasterMode: 2
  m_AreaSize: {x: 1, y: 1}
  m_BounceIntensity: 1
  m_ColorTemperature: 6570
  m_UseColorTemperature: 0
  m_BoundingSphereOverride: {x: 0, y: 0, z: 0, w: 0}
  m_UseBoundingSphereOverride: 0
  m_ShadowRadius: 0
  m_ShadowAngle: 0
--- !u!4 &705507995
Transform:
  m_ObjectHideFlags: 0
  m_CorrespondingSourceObject: {fileID: 0}
  m_PrefabInstance: {fileID: 0}
  m_PrefabAsset: {fileID: 0}
  m_GameObject: {fileID: 705507993}
  m_LocalRotation: {x: 0.40821788, y: -0.23456968, z: 0.10938163, w: 0.8754261}
  m_LocalPosition: {x: 0, y: 3, z: 0}
  m_LocalScale: {x: 1, y: 1, z: 1}
  m_Children: []
  m_Father: {fileID: 0}
  m_RootOrder: 4
  m_LocalEulerAnglesHint: {x: 50, y: -30, z: 0}
--- !u!1 &828347684
GameObject:
  m_ObjectHideFlags: 0
  m_CorrespondingSourceObject: {fileID: 0}
  m_PrefabInstance: {fileID: 0}
  m_PrefabAsset: {fileID: 0}
  serializedVersion: 6
  m_Component:
  - component: {fileID: 828347686}
  - component: {fileID: 828347685}
  m_Layer: 0
  m_Name: ArtReferences
  m_TagString: Untagged
  m_Icon: {fileID: 0}
  m_NavMeshLayer: 0
  m_StaticEditorFlags: 0
  m_IsActive: 1
--- !u!114 &828347685
MonoBehaviour:
  m_ObjectHideFlags: 0
  m_CorrespondingSourceObject: {fileID: 0}
  m_PrefabInstance: {fileID: 0}
  m_PrefabAsset: {fileID: 0}
  m_GameObject: {fileID: 828347684}
  m_Enabled: 1
  m_EditorHideFlags: 0
  m_Script: {fileID: 11500000, guid: caf9f49ff1734ed409a2fbb0a0f873cb, type: 3}
  m_Name: 
  m_EditorClassIdentifier: 
  Card_Base: {fileID: 7861731087393324011, guid: 498a7d7df1fccd441ad69b562fc40c05, type: 3}
  Skill_Numbers:
  - {fileID: 21300000, guid: d09fd705c8906cf459f466a877746808, type: 3}
  - {fileID: 21300000, guid: 51988ad4d5c80904db61ea2ac575df07, type: 3}
  - {fileID: 21300000, guid: 02b7e40955c3f324185f1b53bd7e2c21, type: 3}
  - {fileID: 21300000, guid: e0e4fc766ad2f99419b7a1353d68e503, type: 3}
  - {fileID: 21300000, guid: 569781daaa4c6734f9ac672977b2cdec, type: 3}
  - {fileID: 21300000, guid: 9083f6977ff45e742ae481ab1ba13f90, type: 3}
  - {fileID: 21300000, guid: 0c62d37588515fb46a42bb93167afcf9, type: 3}
  - {fileID: 21300000, guid: 9708bb2f856a14e4584729c277e25a75, type: 3}
  Skill_Filters:
  - {fileID: 21300000, guid: 9bf55c895a29d184d8610bcc4e3294c4, type: 3}
  - {fileID: 21300000, guid: d0c0a4d3ac9e9a7498e48c4620a38ea3, type: 3}
  - {fileID: 21300000, guid: bc61a6b559ebaae41944b28178182765, type: 3}
  - {fileID: 21300000, guid: f18de8b2e88eaf1408902289df54bc0e, type: 3}
  Symbols:
  - {fileID: 21300000, guid: 5fd715affb1242c4aa18ba0652d40ae6, type: 3}
  - {fileID: 21300000, guid: b073c6e0f6c310e43b3067d8851a39c6, type: 3}
  - {fileID: 21300000, guid: 0741589fa4187e642a676f89f795be54, type: 3}
  - {fileID: 21300000, guid: de1d24ba5e1ccf44895ccd3698ead796, type: 3}
  Symbols_activated:
  - {fileID: 21300000, guid: 2fdfc9d0f2a6c1841a2ae5c91440dfd1, type: 3}
  - {fileID: 21300000, guid: da190f8bf56b74a47995621ae840cc7b, type: 3}
  - {fileID: 21300000, guid: ae1a3c006c7376c45be9316eb0746267, type: 3}
  - {fileID: 21300000, guid: 3adcb63a9fd29164b83f602158e0b694, type: 3}
  Images_Anger:
  - {fileID: 2100000, guid: fae623f01a0970d4b97b98c7f314b0df, type: 2}
  - {fileID: 2100000, guid: 0513a863f8a2054428b8b3f96a65e90e, type: 2}
  Images_Sadness:
  - {fileID: 2100000, guid: 54a23189969a4a144aa1ecb0302eaa51, type: 2}
  Images_Fear:
  - {fileID: 2100000, guid: 974ede8981b99b44d8fd01c82e0325f8, type: 2}
  Images_Joy:
  - {fileID: 2100000, guid: f4ea531ebeb979048b45a654c5ece2a9, type: 2}
  - {fileID: 2100000, guid: e93d083e44b307a4b8399200af6852c8, type: 2}
--- !u!4 &828347686
Transform:
  m_ObjectHideFlags: 0
  m_CorrespondingSourceObject: {fileID: 0}
  m_PrefabInstance: {fileID: 0}
  m_PrefabAsset: {fileID: 0}
  m_GameObject: {fileID: 828347684}
  m_LocalRotation: {x: 0, y: 0, z: 0, w: 1}
  m_LocalPosition: {x: 0, y: 0, z: 0}
  m_LocalScale: {x: 1, y: 1, z: 1}
  m_Children: []
  m_Father: {fileID: 0}
  m_RootOrder: 7
  m_LocalEulerAnglesHint: {x: 0, y: 0, z: 0}
--- !u!1 &963194225
GameObject:
  m_ObjectHideFlags: 0
  m_CorrespondingSourceObject: {fileID: 0}
  m_PrefabInstance: {fileID: 0}
  m_PrefabAsset: {fileID: 0}
  serializedVersion: 6
  m_Component:
  - component: {fileID: 963194228}
  - component: {fileID: 963194227}
  - component: {fileID: 963194226}
  - component: {fileID: 963194229}
  - component: {fileID: 963194230}
  m_Layer: 0
  m_Name: Main Camera
  m_TagString: MainCamera
  m_Icon: {fileID: 0}
  m_NavMeshLayer: 0
  m_StaticEditorFlags: 0
  m_IsActive: 1
--- !u!81 &963194226
AudioListener:
  m_ObjectHideFlags: 0
  m_CorrespondingSourceObject: {fileID: 0}
  m_PrefabInstance: {fileID: 0}
  m_PrefabAsset: {fileID: 0}
  m_GameObject: {fileID: 963194225}
  m_Enabled: 1
--- !u!20 &963194227
Camera:
  m_ObjectHideFlags: 0
  m_CorrespondingSourceObject: {fileID: 0}
  m_PrefabInstance: {fileID: 0}
  m_PrefabAsset: {fileID: 0}
  m_GameObject: {fileID: 963194225}
  m_Enabled: 1
  serializedVersion: 2
  m_ClearFlags: 1
  m_BackGroundColor: {r: 0.19215687, g: 0.3019608, b: 0.4745098, a: 0}
  m_projectionMatrixMode: 1
  m_GateFitMode: 2
  m_FOVAxisMode: 0
  m_SensorSize: {x: 36, y: 24}
  m_LensShift: {x: 0, y: 0}
  m_FocalLength: 50
  m_NormalizedViewPortRect:
    serializedVersion: 2
    x: 0
    y: 0
    width: 1
    height: 1
  near clip plane: 0.3
  far clip plane: 1000
  field of view: 60
  orthographic: 0
  orthographic size: 5
  m_Depth: -1
  m_CullingMask:
    serializedVersion: 2
    m_Bits: 4294967295
  m_RenderingPath: -1
  m_TargetTexture: {fileID: 0}
  m_TargetDisplay: 0
  m_TargetEye: 3
  m_HDR: 0
  m_AllowMSAA: 0
  m_AllowDynamicResolution: 0
  m_ForceIntoRT: 0
  m_OcclusionCulling: 1
  m_StereoConvergence: 10
  m_StereoSeparation: 0.022
--- !u!4 &963194228
Transform:
  m_ObjectHideFlags: 0
  m_CorrespondingSourceObject: {fileID: 0}
  m_PrefabInstance: {fileID: 0}
  m_PrefabAsset: {fileID: 0}
  m_GameObject: {fileID: 963194225}
  m_LocalRotation: {x: 0, y: 0, z: 0, w: 1}
  m_LocalPosition: {x: 0, y: 0.52, z: -10}
  m_LocalScale: {x: 1, y: 1, z: 1}
  m_Children: []
  m_Father: {fileID: 0}
  m_RootOrder: 3
  m_LocalEulerAnglesHint: {x: 0, y: 0, z: 0}
--- !u!114 &963194229
MonoBehaviour:
  m_ObjectHideFlags: 0
  m_CorrespondingSourceObject: {fileID: 0}
  m_PrefabInstance: {fileID: 0}
  m_PrefabAsset: {fileID: 0}
  m_GameObject: {fileID: 963194225}
  m_Enabled: 1
  m_EditorHideFlags: 0
  m_Script: {fileID: 11500000, guid: a79441f348de89743a2939f4d699eac1, type: 3}
  m_Name: 
  m_EditorClassIdentifier: 
--- !u!114 &963194230
MonoBehaviour:
  m_ObjectHideFlags: 0
  m_CorrespondingSourceObject: {fileID: 0}
  m_PrefabInstance: {fileID: 0}
  m_PrefabAsset: {fileID: 0}
  m_GameObject: {fileID: 963194225}
  m_Enabled: 1
  m_EditorHideFlags: 0
  m_Script: {fileID: 11500000, guid: 23c1ce4fb46143f46bc5cb5224c934f6, type: 3}
  m_Name: 
  m_EditorClassIdentifier: 
  m_Version: 7
  m_ObsoleteRenderingPath: 0
  m_ObsoleteFrameSettings:
    overrides: 0
    enableShadow: 0
    enableContactShadows: 0
    enableShadowMask: 0
    enableSSR: 0
    enableSSAO: 0
    enableSubsurfaceScattering: 0
    enableTransmission: 0
    enableAtmosphericScattering: 0
    enableVolumetrics: 0
    enableReprojectionForVolumetrics: 0
    enableLightLayers: 0
    enableExposureControl: 1
    diffuseGlobalDimmer: 0
    specularGlobalDimmer: 0
    shaderLitMode: 0
    enableDepthPrepassWithDeferredRendering: 0
    enableTransparentPrepass: 0
    enableMotionVectors: 0
    enableObjectMotionVectors: 0
    enableDecals: 0
    enableRoughRefraction: 0
    enableTransparentPostpass: 0
    enableDistortion: 0
    enablePostprocess: 0
    enableOpaqueObjects: 0
    enableTransparentObjects: 0
    enableRealtimePlanarReflection: 0
    enableMSAA: 0
    enableAsyncCompute: 0
    runLightListAsync: 0
    runSSRAsync: 0
    runSSAOAsync: 0
    runContactShadowsAsync: 0
    runVolumeVoxelizationAsync: 0
    lightLoopSettings:
      overrides: 0
      enableDeferredTileAndCluster: 0
      enableComputeLightEvaluation: 0
      enableComputeLightVariants: 0
      enableComputeMaterialVariants: 0
      enableFptlForForwardOpaque: 0
      enableBigTilePrepass: 0
      isFptlEnabled: 0
  clearColorMode: 0
  backgroundColorHDR: {r: 0.025, g: 0.07, b: 0.19, a: 0}
  clearDepth: 1
  volumeLayerMask:
    serializedVersion: 2
    m_Bits: 1
  volumeAnchorOverride: {fileID: 0}
  antialiasing: 0
  SMAAQuality: 2
  dithering: 0
  stopNaNs: 0
  taaSharpenStrength: 0.6
  physicalParameters:
    m_Iso: 200
    m_ShutterSpeed: 0.005
    m_Aperture: 16
    m_BladeCount: 5
    m_Curvature: {x: 2, y: 11}
    m_BarrelClipping: 0.25
    m_Anamorphism: 0
  flipYMode: 0
  xrRendering: 1
  fullscreenPassthrough: 0
  allowDynamicResolution: 0
  customRenderingSettings: 0
  invertFaceCulling: 0
  probeLayerMask:
    serializedVersion: 2
    m_Bits: 4294967295
  hasPersistentHistory: 0
  m_RenderingPathCustomFrameSettings:
    bitDatas:
      data1: 70300024700749
      data2: 4539628425463136256
    lodBias: 1
    lodBiasMode: 0
    lodBiasQualityLevel: 0
    maximumLODLevel: 0
    maximumLODLevelMode: 0
    maximumLODLevelQualityLevel: 0
    materialQuality: 0
  renderingPathCustomFrameSettingsOverrideMask:
    mask:
      data1: 0
      data2: 0
  defaultFrameSettings: 0
--- !u!1001 &1579952498
PrefabInstance:
  m_ObjectHideFlags: 0
  serializedVersion: 2
  m_Modification:
    m_TransformParent: {fileID: 0}
    m_Modifications:
    - target: {fileID: 8532669557058570374, guid: 3e622c5873cd3a94aaa4c1cfb60c666c, type: 3}
      propertyPath: m_LocalPosition.x
      value: -2.0245595
      objectReference: {fileID: 0}
    - target: {fileID: 8532669557058570374, guid: 3e622c5873cd3a94aaa4c1cfb60c666c, type: 3}
      propertyPath: m_LocalPosition.y
      value: 0.64539146
      objectReference: {fileID: 0}
    - target: {fileID: 8532669557058570374, guid: 3e622c5873cd3a94aaa4c1cfb60c666c, type: 3}
      propertyPath: m_LocalPosition.z
      value: 0.11
      objectReference: {fileID: 0}
    - target: {fileID: 8532669557058570374, guid: 3e622c5873cd3a94aaa4c1cfb60c666c, type: 3}
      propertyPath: m_LocalRotation.x
      value: 0
      objectReference: {fileID: 0}
    - target: {fileID: 8532669557058570374, guid: 3e622c5873cd3a94aaa4c1cfb60c666c, type: 3}
      propertyPath: m_LocalRotation.y
      value: 0
      objectReference: {fileID: 0}
    - target: {fileID: 8532669557058570374, guid: 3e622c5873cd3a94aaa4c1cfb60c666c, type: 3}
      propertyPath: m_LocalRotation.z
      value: 0
      objectReference: {fileID: 0}
    - target: {fileID: 8532669557058570374, guid: 3e622c5873cd3a94aaa4c1cfb60c666c, type: 3}
      propertyPath: m_LocalRotation.w
      value: 1
      objectReference: {fileID: 0}
    - target: {fileID: 8532669557058570374, guid: 3e622c5873cd3a94aaa4c1cfb60c666c, type: 3}
      propertyPath: m_RootOrder
      value: 1
      objectReference: {fileID: 0}
    - target: {fileID: 8532669557058570374, guid: 3e622c5873cd3a94aaa4c1cfb60c666c, type: 3}
      propertyPath: m_LocalEulerAnglesHint.x
      value: 0
      objectReference: {fileID: 0}
    - target: {fileID: 8532669557058570374, guid: 3e622c5873cd3a94aaa4c1cfb60c666c, type: 3}
      propertyPath: m_LocalEulerAnglesHint.y
      value: 0
      objectReference: {fileID: 0}
    - target: {fileID: 8532669557058570374, guid: 3e622c5873cd3a94aaa4c1cfb60c666c, type: 3}
      propertyPath: m_LocalEulerAnglesHint.z
      value: 0
      objectReference: {fileID: 0}
    - target: {fileID: 8532669557058570374, guid: 3e622c5873cd3a94aaa4c1cfb60c666c, type: 3}
      propertyPath: m_LocalScale.x
      value: 0.6045
      objectReference: {fileID: 0}
    - target: {fileID: 8532669557058570374, guid: 3e622c5873cd3a94aaa4c1cfb60c666c, type: 3}
      propertyPath: m_LocalScale.y
      value: 0.6045
      objectReference: {fileID: 0}
    - target: {fileID: 8532669557058570374, guid: 3e622c5873cd3a94aaa4c1cfb60c666c, type: 3}
      propertyPath: m_LocalScale.z
      value: 0.6045
      objectReference: {fileID: 0}
    - target: {fileID: 8532669557058570375, guid: 3e622c5873cd3a94aaa4c1cfb60c666c, type: 3}
      propertyPath: m_Name
      value: Board
      objectReference: {fileID: 0}
    - target: {fileID: 8764367868495293623, guid: 3e622c5873cd3a94aaa4c1cfb60c666c, type: 3}
      propertyPath: Slot_Type
      value: Inventory
      objectReference: {fileID: 0}
    - target: {fileID: 8764367868505479501, guid: 3e622c5873cd3a94aaa4c1cfb60c666c, type: 3}
      propertyPath: Slot_Type
      value: Inventory
      objectReference: {fileID: 0}
    - target: {fileID: 8764367868574655330, guid: 3e622c5873cd3a94aaa4c1cfb60c666c, type: 3}
      propertyPath: Slot_Type
      value: Inventory
      objectReference: {fileID: 0}
    - target: {fileID: 8764367868605095269, guid: 3e622c5873cd3a94aaa4c1cfb60c666c, type: 3}
      propertyPath: Slot_Type
      value: Inventory
      objectReference: {fileID: 0}
    - target: {fileID: 8764367868958939114, guid: 3e622c5873cd3a94aaa4c1cfb60c666c, type: 3}
      propertyPath: Slot_Type
      value: Inventory
      objectReference: {fileID: 0}
    - target: {fileID: 8764367868978652318, guid: 3e622c5873cd3a94aaa4c1cfb60c666c, type: 3}
      propertyPath: m_Sprite
      value: 
      objectReference: {fileID: 21300000, guid: dc3e1a1c3c5190d4f95db5a37c02aad2, type: 3}
    - target: {fileID: 8764367868978652318, guid: 3e622c5873cd3a94aaa4c1cfb60c666c, type: 3}
      propertyPath: m_WasSpriteAssigned
      value: 1
      objectReference: {fileID: 0}
    - target: {fileID: 8764367868978652319, guid: 3e622c5873cd3a94aaa4c1cfb60c666c, type: 3}
      propertyPath: m_Layer
      value: 8
      objectReference: {fileID: 0}
    - target: {fileID: 8764367869053759474, guid: 3e622c5873cd3a94aaa4c1cfb60c666c, type: 3}
      propertyPath: Slot_Type
      value: Inventory
      objectReference: {fileID: 0}
    - target: {fileID: 8764367869165933048, guid: 3e622c5873cd3a94aaa4c1cfb60c666c, type: 3}
      propertyPath: m_Layer
      value: 0
      objectReference: {fileID: 0}
    - target: {fileID: 8764367869273242485, guid: 3e622c5873cd3a94aaa4c1cfb60c666c, type: 3}
      propertyPath: Slot_Type
      value: Inventory
      objectReference: {fileID: 0}
    - target: {fileID: 8764367869406384486, guid: 3e622c5873cd3a94aaa4c1cfb60c666c, type: 3}
      propertyPath: m_Layer
      value: 0
      objectReference: {fileID: 0}
    - target: {fileID: 8764367869414679708, guid: 3e622c5873cd3a94aaa4c1cfb60c666c, type: 3}
      propertyPath: m_Layer
      value: 0
      objectReference: {fileID: 0}
    - target: {fileID: 8764367869475564361, guid: 3e622c5873cd3a94aaa4c1cfb60c666c, type: 3}
      propertyPath: m_Layer
      value: 0
      objectReference: {fileID: 0}
    - target: {fileID: 8764367869659766824, guid: 3e622c5873cd3a94aaa4c1cfb60c666c, type: 3}
      propertyPath: m_Sprite
      value: 
      objectReference: {fileID: 21300000, guid: dc3e1a1c3c5190d4f95db5a37c02aad2, type: 3}
    - target: {fileID: 8764367869659766824, guid: 3e622c5873cd3a94aaa4c1cfb60c666c, type: 3}
      propertyPath: m_WasSpriteAssigned
      value: 1
      objectReference: {fileID: 0}
    - target: {fileID: 8764367869659766825, guid: 3e622c5873cd3a94aaa4c1cfb60c666c, type: 3}
      propertyPath: m_Layer
      value: 8
      objectReference: {fileID: 0}
    - target: {fileID: 8764367869692239406, guid: 3e622c5873cd3a94aaa4c1cfb60c666c, type: 3}
      propertyPath: m_Layer
      value: 8
      objectReference: {fileID: 0}
    - target: {fileID: 8764367869692239407, guid: 3e622c5873cd3a94aaa4c1cfb60c666c, type: 3}
      propertyPath: m_Sprite
      value: 
      objectReference: {fileID: 21300000, guid: dc3e1a1c3c5190d4f95db5a37c02aad2, type: 3}
    - target: {fileID: 8764367869692239407, guid: 3e622c5873cd3a94aaa4c1cfb60c666c, type: 3}
      propertyPath: m_WasSpriteAssigned
      value: 1
      objectReference: {fileID: 0}
    - target: {fileID: 8764367869734900218, guid: 3e622c5873cd3a94aaa4c1cfb60c666c, type: 3}
      propertyPath: m_Sprite
      value: 
      objectReference: {fileID: 21300000, guid: dc3e1a1c3c5190d4f95db5a37c02aad2, type: 3}
    - target: {fileID: 8764367869734900218, guid: 3e622c5873cd3a94aaa4c1cfb60c666c, type: 3}
      propertyPath: m_WasSpriteAssigned
      value: 1
      objectReference: {fileID: 0}
    - target: {fileID: 8764367869734900219, guid: 3e622c5873cd3a94aaa4c1cfb60c666c, type: 3}
      propertyPath: m_Layer
      value: 8
      objectReference: {fileID: 0}
    - target: {fileID: 8764367869761479680, guid: 3e622c5873cd3a94aaa4c1cfb60c666c, type: 3}
      propertyPath: m_Sprite
      value: 
      objectReference: {fileID: 21300000, guid: dc3e1a1c3c5190d4f95db5a37c02aad2, type: 3}
    - target: {fileID: 8764367869761479680, guid: 3e622c5873cd3a94aaa4c1cfb60c666c, type: 3}
      propertyPath: m_WasSpriteAssigned
      value: 1
      objectReference: {fileID: 0}
    - target: {fileID: 8764367869761479681, guid: 3e622c5873cd3a94aaa4c1cfb60c666c, type: 3}
      propertyPath: m_Layer
      value: 8
      objectReference: {fileID: 0}
    - target: {fileID: 8764367869841544526, guid: 3e622c5873cd3a94aaa4c1cfb60c666c, type: 3}
      propertyPath: m_Layer
      value: 0
      objectReference: {fileID: 0}
    - target: {fileID: 8764367869930022873, guid: 3e622c5873cd3a94aaa4c1cfb60c666c, type: 3}
      propertyPath: m_Layer
      value: 0
      objectReference: {fileID: 0}
    - target: {fileID: 8764367870030759480, guid: 3e622c5873cd3a94aaa4c1cfb60c666c, type: 3}
      propertyPath: m_Sprite
      value: 
      objectReference: {fileID: 21300000, guid: dc3e1a1c3c5190d4f95db5a37c02aad2, type: 3}
    - target: {fileID: 8764367870030759480, guid: 3e622c5873cd3a94aaa4c1cfb60c666c, type: 3}
      propertyPath: m_WasSpriteAssigned
      value: 1
      objectReference: {fileID: 0}
    - target: {fileID: 8764367870030759481, guid: 3e622c5873cd3a94aaa4c1cfb60c666c, type: 3}
      propertyPath: m_Layer
      value: 8
      objectReference: {fileID: 0}
    - target: {fileID: 8764367870162919361, guid: 3e622c5873cd3a94aaa4c1cfb60c666c, type: 3}
      propertyPath: m_Layer
      value: 0
      objectReference: {fileID: 0}
    - target: {fileID: 8764367870251348830, guid: 3e622c5873cd3a94aaa4c1cfb60c666c, type: 3}
      propertyPath: m_Layer
      value: 0
      objectReference: {fileID: 0}
    - target: {fileID: 8764367870284845758, guid: 3e622c5873cd3a94aaa4c1cfb60c666c, type: 3}
      propertyPath: m_Layer
      value: 8
      objectReference: {fileID: 0}
    - target: {fileID: 8764367870284845759, guid: 3e622c5873cd3a94aaa4c1cfb60c666c, type: 3}
      propertyPath: m_Sprite
      value: 
      objectReference: {fileID: 21300000, guid: dc3e1a1c3c5190d4f95db5a37c02aad2, type: 3}
    - target: {fileID: 8764367870284845759, guid: 3e622c5873cd3a94aaa4c1cfb60c666c, type: 3}
      propertyPath: m_WasSpriteAssigned
      value: 1
      objectReference: {fileID: 0}
    - target: {fileID: 8764367870344964774, guid: 3e622c5873cd3a94aaa4c1cfb60c666c, type: 3}
      propertyPath: m_Layer
      value: 8
      objectReference: {fileID: 0}
    - target: {fileID: 8764367870344964775, guid: 3e622c5873cd3a94aaa4c1cfb60c666c, type: 3}
      propertyPath: m_Sprite
      value: 
      objectReference: {fileID: 21300000, guid: dc3e1a1c3c5190d4f95db5a37c02aad2, type: 3}
    - target: {fileID: 8764367870344964775, guid: 3e622c5873cd3a94aaa4c1cfb60c666c, type: 3}
      propertyPath: m_WasSpriteAssigned
      value: 1
      objectReference: {fileID: 0}
    - target: {fileID: 8764367870361000403, guid: 3e622c5873cd3a94aaa4c1cfb60c666c, type: 3}
      propertyPath: Slot_Type
      value: Inventory
      objectReference: {fileID: 0}
    m_RemovedComponents: []
  m_SourcePrefab: {fileID: 100100000, guid: 3e622c5873cd3a94aaa4c1cfb60c666c, type: 3}
--- !u!114 &1777445613 stripped
MonoBehaviour:
  m_CorrespondingSourceObject: {fileID: 547108638660288669, guid: 9f885d1c14b20e8489cb96b34a68fd0f, type: 3}
  m_PrefabInstance: {fileID: 547108636918631024}
  m_PrefabAsset: {fileID: 0}
  m_GameObject: {fileID: 0}
  m_Enabled: 1
  m_EditorHideFlags: 0
  m_Script: {fileID: 11500000, guid: 504bd5b2895f25c4fbe28fda2bf3b204, type: 3}
  m_Name: 
  m_EditorClassIdentifier: 
--- !u!1 &1844777946
GameObject:
  m_ObjectHideFlags: 0
  m_CorrespondingSourceObject: {fileID: 0}
  m_PrefabInstance: {fileID: 0}
  m_PrefabAsset: {fileID: 0}
  serializedVersion: 6
  m_Component:
  - component: {fileID: 1844777947}
  - component: {fileID: 1844777948}
  m_Layer: 0
  m_Name: GameLogic
  m_TagString: Untagged
  m_Icon: {fileID: 0}
  m_NavMeshLayer: 0
  m_StaticEditorFlags: 0
  m_IsActive: 1
--- !u!4 &1844777947
Transform:
  m_ObjectHideFlags: 0
  m_CorrespondingSourceObject: {fileID: 0}
  m_PrefabInstance: {fileID: 0}
  m_PrefabAsset: {fileID: 0}
  m_GameObject: {fileID: 1844777946}
  m_LocalRotation: {x: 0, y: 0, z: 0, w: 1}
  m_LocalPosition: {x: 0, y: 0, z: 0}
  m_LocalScale: {x: 1, y: 1, z: 1}
  m_Children: []
  m_Father: {fileID: 0}
  m_RootOrder: 6
  m_LocalEulerAnglesHint: {x: 0, y: 0, z: 0}
--- !u!114 &1844777948
MonoBehaviour:
  m_ObjectHideFlags: 0
  m_CorrespondingSourceObject: {fileID: 0}
  m_PrefabInstance: {fileID: 0}
  m_PrefabAsset: {fileID: 0}
  m_GameObject: {fileID: 1844777946}
  m_Enabled: 1
  m_EditorHideFlags: 0
  m_Script: {fileID: 11500000, guid: 9ab18e9b497422041823c7099e33c34a, type: 3}
  m_Name: 
  m_EditorClassIdentifier: 
  ArtArsenal: {fileID: 828347685}
  InventoryScript: {fileID: 1777445613}
  DragDropLogic: {fileID: 1981853572}
  Skills:
  - Anger
  - Sadness
  - Fear
  - Joy
  InInventory: []
  CountingCard: []
  anger_points: 0
  sadness_points: 0
  fear_points: 0
  joy_points: 0
  OneStar_min: 1
  OneStar_max: 2
  TwoStar_min: 2
  TwoStar_max: 3
  ThreeStar_min: 3
  ThreeStar_max: 5
--- !u!114 &1981853572 stripped
MonoBehaviour:
  m_CorrespondingSourceObject: {fileID: 8402800704703009137, guid: 6c42ac03ad524fc4894ab49cb9a478b3, type: 3}
  m_PrefabInstance: {fileID: 267546927}
  m_PrefabAsset: {fileID: 0}
  m_GameObject: {fileID: 0}
  m_Enabled: 1
  m_EditorHideFlags: 0
  m_Script: {fileID: 11500000, guid: c621c9cd69fe4ca4c8399fbb81e05555, type: 3}
  m_Name: 
  m_EditorClassIdentifier: 
--- !u!1001 &547108636918631024
PrefabInstance:
  m_ObjectHideFlags: 0
  serializedVersion: 2
  m_Modification:
    m_TransformParent: {fileID: 0}
    m_Modifications:
    - target: {fileID: 547108638660288667, guid: 9f885d1c14b20e8489cb96b34a68fd0f, type: 3}
      propertyPath: m_Name
      value: Inventory
      objectReference: {fileID: 0}
    - target: {fileID: 547108638660288668, guid: 9f885d1c14b20e8489cb96b34a68fd0f, type: 3}
      propertyPath: m_LocalPosition.x
      value: -3.39
      objectReference: {fileID: 0}
    - target: {fileID: 547108638660288668, guid: 9f885d1c14b20e8489cb96b34a68fd0f, type: 3}
      propertyPath: m_LocalPosition.y
      value: 3.25
      objectReference: {fileID: 0}
    - target: {fileID: 547108638660288668, guid: 9f885d1c14b20e8489cb96b34a68fd0f, type: 3}
      propertyPath: m_LocalPosition.z
      value: 0.44
      objectReference: {fileID: 0}
    - target: {fileID: 547108638660288668, guid: 9f885d1c14b20e8489cb96b34a68fd0f, type: 3}
      propertyPath: m_LocalRotation.x
      value: 0
      objectReference: {fileID: 0}
    - target: {fileID: 547108638660288668, guid: 9f885d1c14b20e8489cb96b34a68fd0f, type: 3}
      propertyPath: m_LocalRotation.y
      value: 0
      objectReference: {fileID: 0}
    - target: {fileID: 547108638660288668, guid: 9f885d1c14b20e8489cb96b34a68fd0f, type: 3}
      propertyPath: m_LocalRotation.z
      value: 0
      objectReference: {fileID: 0}
    - target: {fileID: 547108638660288668, guid: 9f885d1c14b20e8489cb96b34a68fd0f, type: 3}
      propertyPath: m_LocalRotation.w
      value: 1
      objectReference: {fileID: 0}
    - target: {fileID: 547108638660288668, guid: 9f885d1c14b20e8489cb96b34a68fd0f, type: 3}
      propertyPath: m_RootOrder
      value: 8
      objectReference: {fileID: 0}
    - target: {fileID: 547108638660288668, guid: 9f885d1c14b20e8489cb96b34a68fd0f, type: 3}
      propertyPath: m_LocalEulerAnglesHint.x
      value: 0
      objectReference: {fileID: 0}
    - target: {fileID: 547108638660288668, guid: 9f885d1c14b20e8489cb96b34a68fd0f, type: 3}
      propertyPath: m_LocalEulerAnglesHint.y
      value: 0
      objectReference: {fileID: 0}
    - target: {fileID: 547108638660288668, guid: 9f885d1c14b20e8489cb96b34a68fd0f, type: 3}
      propertyPath: m_LocalEulerAnglesHint.z
      value: 0
      objectReference: {fileID: 0}
    m_RemovedComponents: []
  m_SourcePrefab: {fileID: 100100000, guid: 9f885d1c14b20e8489cb96b34a68fd0f, type: 3}
--- !u!1001 &848851679161726198
PrefabInstance:
  m_ObjectHideFlags: 0
  serializedVersion: 2
  m_Modification:
    m_TransformParent: {fileID: 0}
    m_Modifications:
    - target: {fileID: 848851679596182784, guid: af4b1c01a11416b469cdf946d48e9efe, type: 3}
      propertyPath: m_LocalPosition.x
      value: 0.010643005
      objectReference: {fileID: 0}
    - target: {fileID: 848851679596182784, guid: af4b1c01a11416b469cdf946d48e9efe, type: 3}
      propertyPath: m_LocalPosition.y
      value: -0.19153076
      objectReference: {fileID: 0}
    - target: {fileID: 848851679596182784, guid: af4b1c01a11416b469cdf946d48e9efe, type: 3}
      propertyPath: m_LocalPosition.z
      value: 0.12342024
      objectReference: {fileID: 0}
    - target: {fileID: 848851679596182784, guid: af4b1c01a11416b469cdf946d48e9efe, type: 3}
      propertyPath: m_LocalRotation.x
      value: 0
      objectReference: {fileID: 0}
    - target: {fileID: 848851679596182784, guid: af4b1c01a11416b469cdf946d48e9efe, type: 3}
      propertyPath: m_LocalRotation.y
      value: 0
      objectReference: {fileID: 0}
    - target: {fileID: 848851679596182784, guid: af4b1c01a11416b469cdf946d48e9efe, type: 3}
      propertyPath: m_LocalRotation.z
      value: 0
      objectReference: {fileID: 0}
    - target: {fileID: 848851679596182784, guid: af4b1c01a11416b469cdf946d48e9efe, type: 3}
      propertyPath: m_LocalRotation.w
      value: 1
      objectReference: {fileID: 0}
    - target: {fileID: 848851679596182784, guid: af4b1c01a11416b469cdf946d48e9efe, type: 3}
      propertyPath: m_RootOrder
      value: 5
      objectReference: {fileID: 0}
    - target: {fileID: 848851679596182784, guid: af4b1c01a11416b469cdf946d48e9efe, type: 3}
      propertyPath: m_LocalEulerAnglesHint.x
      value: 0
      objectReference: {fileID: 0}
    - target: {fileID: 848851679596182784, guid: af4b1c01a11416b469cdf946d48e9efe, type: 3}
      propertyPath: m_LocalEulerAnglesHint.y
      value: 0
      objectReference: {fileID: 0}
    - target: {fileID: 848851679596182784, guid: af4b1c01a11416b469cdf946d48e9efe, type: 3}
      propertyPath: m_LocalEulerAnglesHint.z
      value: 0
      objectReference: {fileID: 0}
    - target: {fileID: 848851679596182786, guid: af4b1c01a11416b469cdf946d48e9efe, type: 3}
      propertyPath: m_Name
      value: EventManager
      objectReference: {fileID: 0}
    m_RemovedComponents: []
  m_SourcePrefab: {fileID: 100100000, guid: af4b1c01a11416b469cdf946d48e9efe, type: 3}
--- !u!1001 &1138121963151981572
PrefabInstance:
  m_ObjectHideFlags: 0
  serializedVersion: 2
  m_Modification:
    m_TransformParent: {fileID: 0}
    m_Modifications:
    - target: {fileID: 1138121962759204613, guid: 71d7ae56f52f96f4e87b7b82cc2e1e38, type: 3}
      propertyPath: m_Name
      value: SlotUnit
      objectReference: {fileID: 0}
    - target: {fileID: 1138121962759204615, guid: 71d7ae56f52f96f4e87b7b82cc2e1e38, type: 3}
      propertyPath: m_LocalPosition.x
      value: 2.4
      objectReference: {fileID: 0}
    - target: {fileID: 1138121962759204615, guid: 71d7ae56f52f96f4e87b7b82cc2e1e38, type: 3}
      propertyPath: m_LocalPosition.y
      value: -5.3
      objectReference: {fileID: 0}
    - target: {fileID: 1138121962759204615, guid: 71d7ae56f52f96f4e87b7b82cc2e1e38, type: 3}
      propertyPath: m_LocalPosition.z
      value: 11.22
      objectReference: {fileID: 0}
    - target: {fileID: 1138121962759204615, guid: 71d7ae56f52f96f4e87b7b82cc2e1e38, type: 3}
      propertyPath: m_LocalRotation.x
      value: -0
      objectReference: {fileID: 0}
    - target: {fileID: 1138121962759204615, guid: 71d7ae56f52f96f4e87b7b82cc2e1e38, type: 3}
      propertyPath: m_LocalRotation.y
      value: -0
      objectReference: {fileID: 0}
    - target: {fileID: 1138121962759204615, guid: 71d7ae56f52f96f4e87b7b82cc2e1e38, type: 3}
      propertyPath: m_LocalRotation.z
      value: -0
      objectReference: {fileID: 0}
    - target: {fileID: 1138121962759204615, guid: 71d7ae56f52f96f4e87b7b82cc2e1e38, type: 3}
      propertyPath: m_LocalRotation.w
      value: 1
      objectReference: {fileID: 0}
    - target: {fileID: 1138121962759204615, guid: 71d7ae56f52f96f4e87b7b82cc2e1e38, type: 3}
      propertyPath: m_RootOrder
      value: 0
      objectReference: {fileID: 0}
    - target: {fileID: 1138121962759204615, guid: 71d7ae56f52f96f4e87b7b82cc2e1e38, type: 3}
      propertyPath: m_LocalEulerAnglesHint.x
      value: 0
      objectReference: {fileID: 0}
    - target: {fileID: 1138121962759204615, guid: 71d7ae56f52f96f4e87b7b82cc2e1e38, type: 3}
      propertyPath: m_LocalEulerAnglesHint.y
      value: 0
      objectReference: {fileID: 0}
    - target: {fileID: 1138121962759204615, guid: 71d7ae56f52f96f4e87b7b82cc2e1e38, type: 3}
      propertyPath: m_LocalEulerAnglesHint.z
      value: 0
      objectReference: {fileID: 0}
    - target: {fileID: 1138121962759204615, guid: 71d7ae56f52f96f4e87b7b82cc2e1e38, type: 3}
      propertyPath: m_LocalScale.x
      value: 0.6045
      objectReference: {fileID: 0}
    - target: {fileID: 1138121962759204615, guid: 71d7ae56f52f96f4e87b7b82cc2e1e38, type: 3}
      propertyPath: m_LocalScale.y
      value: 0.6045
      objectReference: {fileID: 0}
    - target: {fileID: 1138121962759204615, guid: 71d7ae56f52f96f4e87b7b82cc2e1e38, type: 3}
      propertyPath: m_LocalScale.z
      value: 0.6045
      objectReference: {fileID: 0}
    - target: {fileID: 1138121962946517603, guid: 71d7ae56f52f96f4e87b7b82cc2e1e38, type: 3}
      propertyPath: m_Sprite
      value: 
      objectReference: {fileID: 21300000, guid: dc3e1a1c3c5190d4f95db5a37c02aad2, type: 3}
    - target: {fileID: 1138121962946517603, guid: 71d7ae56f52f96f4e87b7b82cc2e1e38, type: 3}
      propertyPath: m_WasSpriteAssigned
      value: 1
      objectReference: {fileID: 0}
    m_RemovedComponents: []
  m_SourcePrefab: {fileID: 100100000, guid: 71d7ae56f52f96f4e87b7b82cc2e1e38, type: 3}
